4372 5594
1039 555 1302 750 (14)Ι

606 765 757 866 surore
780 761 930 886 ssmtll,
966 795 1036 861 ae·
1057 795 1231 864 ueneno
1263 787 1525 894 armentum
1566 785 1615 866 et
1648 770 1755 877 olm

610 901 956 1038 demtlm·quas1
994 903 1196 1004 induunt
1233 900 1498 1004 facultatem
1537 897 1759 1034 nocendi,

608 1042 726 1162 ctlm¹
766 1043 965 1142 nocendi
1008 1041 1199 1140 libidine
1238 1042 1543 1142 exardescunt.
1604 1033 1756 1182 Aqua¹

608 1211 821 1314 pavorem
857 1185 953 1314 (qui
989 1215 1100 1296 non,
1123 1177 1216 1277 ¹nili
1249 1217 1307 1279 ex
1340 1180 1504 1279 rabiosi
1528 1171 1756 1285 Animalis

609 1318 776 1438 morsu',
810 1323 953 1418 oritur
973 1318 1223 1452 saepillimd)
1269 1341 1422 1417 ortum
1453 1317 1548 1420 srne
1569 1345 1757 1422 externo

609 1458 765 1592 aliquo
781 1460 997 1586 contagio
1016 1454 1227 1552 describit
1260 1457 1425 1554 Caelius
1449 1451 1753 1561 Aurelianus}

610 1599 891 1732 quodetiam
913 1595 1009 1691 fide
1027 1594 1102 1689 sud
1116 1592 1361 1690 confirmat
1378 1597 1590 1693 Borellus.
1616 1599 1756 1698 Hisce

609 1738 706 1832 vim
748 1767 804 1829 ac
850 1731 1027 1866 pondus
1071 1732 1228 1868 adjicit
1268 1735 1454 1867 Juvenis
1499 1733 1756 1868 cujusdam,

611 1871 830 1971 mandata
860 1870 1010 1987 literis,
1056 1868 1255 1989 historia,
1284 1873 1382 2006 qui,
1421 1872 1538 1970 dum
1571 1875 1754 1971 iracun-

610 2011 689 2109 dis
715 2033 835 2108 totus
855 2009 1223 2126 excandescebat,
1264 2011 1467 2142 digitum
1498 2012 1754 2111 momordit

610 2151 742 2248 suum
757 2185 774 2268 ;
817 2149 948 2246 unde
971 2148 1094 2246 brevi
1128 2147 1270 2248 satius
1293 2150 1359 2246 est
1391 2149 1755 2283 Hydropbobuss

456 2295 465 2314 ‘
612 2285 755 2422 Qsod
788 2284 824 2385 sr
857 2289 934 2385 cui
957 2290 1127 2388 mirum
1158 2287 1249 2387 hoc
1280 2292 1464 2405 narrari,
1494 2311 1540 2388 et
1561 2293 1637 2388 vix
1657 2311 1755 2390 cre-

610 2423 753 2526 dibile
783 2425 1003 2544 videatur,
1045 2427 1379 2560 contempletur
1410 2430 1549 2526 velim
1570 2429 1754 2558 vulgare

610 2565 717 2682 hoc,
768 2599 826 2663 ac
848 2567 851 2573 ’
875 2565 969 2664 ferd
1013 2565 1337 2699 quotidianum
1382 2564 1751 2700 phenomenon3

557 2797 559 2800 ,
610 2705 809 2812 Infantes
844 2704 1027 2823 seilicdt,
1075 2737 1135 2802 ex
1173 2703 1336 2804 hausto
1380 2703 1496 2804 lade
1536 2707 1753 2819 Nutricis,

610 2841 678 2944 irlt
701 2843 924 2982 perculsa,
958 2877 1074 2976 quos
1089 2895 1092 2902 ·
1106 2843 1313 2976 spasmos,
1350 2875 1451 2972 quae
1468 2842 1570 2940 -alvi
1594 2845 1755 2942 tormi-
1828 2933 1830 2938 ,

611 3015 686 3099 na,
709 2983 992 3096 vomitiones,
1037 2977 1275 3076 diarshaeas
1309 2976 1508 3076 subeant.

683 3122 862 3250 Magni,
912 3116 1138 3250 subitique
1179 3119 1380 3242 Terroris
1425 3118 1616 3214 comites
1653 3113 1756 3214 sunt

612 3273 797 3375 tremor,
832 3255 986 3387 frigus,
1018 3255 1180 3389 pallor,
1207 3279 1254 3352 et
1290 3277 1386 3352 tota
1408 3257 1604 3388 corporis
1639 3287 1754 3351 oon-

613 3403 754 3496 traua
807 3389 1108 3527 superficies3
1174 3429 1315 3530 quem
1369 3394 1545 3491 idcirco
1604 3393 1754 3524 Poetae

615 3533 757 3680 (haud
777 3530 947 3630 sordidi
975 3535 1009 3631 ii
1029 3535 1217 3632 Naturae
1238 3537 1509 3669 interpretes)
1525 3530 1752 3661 gelidum,

613 3671 933 3808 pallidumque
951 3671 1248 3805 appellarunt.
1298 3679 1446 3772 Hunc
1468 3705 1573 3768 vero
1596 3667 1754 3768 affeet-

613 3847 699 3912 um
732 3809 942 3947 nuspilm
970 3811 1041 3912 vel
1073 3813 1198 3946 apud
1233 3813 1406 3928 Polites,
1445 3810 1514 3908 vel
1551 3805 1754 3907 Philoso-

612 3949 726 4088 phos
748 3951 943 4050 invenies
977 3950 1154 4070 melius,
1183 3987 1278 4052 non
1299 3949 1627 4049 adumbratum
1652 3981 1757 4078 mo-

612 4089 693 4208 db,
724 4087 955 4190 sedetiam
977 4091 1249 4226 expressum,
1283 4121 1426 4224 quarn
1447 4083 1496 4183 in
1518 4083 1637 4182 hisce
1659 4091 1755 4182 Lu-

615 4229 743 4344 cretii
783 4227 991 4358 versibus,
1049 4231 1196 4328 Po'e'tae
1242 4227 1447 4361 ejusdem
1496 4257 1551 4321 ac
1599 4221 1755 4321 Philo*

615 4364 753 4502 sophi.

1602 4514 1755 4600 -Ubi
