4288 5584
1031 313 1191 441 (12)

340 501 390 582 fic
417 497 635 610 despicatam
669 495 821 596 habete,
860 509 1039 603 tanquam
1061 489 1298 600 quascunque
1315 502 1511 596 poetarum
1539 479 1702 582 effutivit
1720 477 1872 582 infinie,

342 629 552 712 fabularum
584 629 623 708 in
653 626 725 706 fide
749 649 854 706 aures
890 623 1025 706 Atticae
1054 619 1271 732 acquievisse
1296 617 1502 700 videantur.
1576 615 1647 696 sed
1673 615 1786 696 verb·
1804 613 1873 724 qui

342 757 446 838 castae
477 775 516 836 et
551 751 742 836 munditiis
772 747 928 860 fimplici
962 747 1089 855 pietati
1124 743 1336 828 fabularum
1375 742 1588 824 inanitatem
1609 740 1740 820 astruit
1760 759 1874 848 atque
1938 811 1960 822 ,i

344 884 487 982 intexit,
519 897 648 962 caveat
678 906 726 960 ne
749 876 961 988 quotidiana
983 892 1096 983 atque
1123 870 1315 954 artificiosa
1336 868 1548 977 conjunctio
1570 864 1781 976 aliquando.
1789 884 1874 948 tan-

343 1013 432 1102 dem
449 1011 489 1089 in
509 1009 768 1116 sempiternam
785 1023 896 1114 atque
910 1000 1191 1084 indissolubilem
1209 999 1668 1082 neceffitudirtenrcocstet
1680 995 1875 1106 conspiret.

347 1136 532 1224 Notiones
546 1135 650 1214 enim
676 1131 816 1228 nostrae,
853 1154 944 1209 curn
960 1125 1189 1208 diutibsaliae
1205 1125 1291 1208 alias
1314 1121 1630 1234 apprehendentes
1657 1123 1876 1229 nestuutur,
1909 1123 1943 1183 ·'

346 1280 457 1371 atque
469 1263 562 1342 inter
583 1261 618 1339 se
633 1257 862 1366 colligantur,
894 1254 1022 1336 seriem
1041 1273 1079 1335 et
1112 1251 1426 1353 continuationem
1452 1248 1546 1330 solvi
1559 1248 1656 1355 aegre*
1673 1245 1877 1357 patiuntur.

347 1387 551 1472 Difficilem
568 1385 661 1468 adeo
672 1383 883 1464 servitutem
903 1381 1020 1462 menti
1039 1379 1199 1488 imponit
1231 1377 1426 1460 oculorum
1443 1376 1683 1476 consuetudo,
1713 1394 1757 1456 ut
1772 1377 1879 1484 eujus

349 1516 556 1626 praeffigns,
574 1510 797 1622 spurcitiem,
824 1506 1090 1616 impudicitiam
1109 1506 1149 1584 in
1168 1504 1278 1586 scens
1291 1503 1395 1613 vulgi
1411 1502 1538 1613 patulo
1562 1529 1627 1584 ore
1643 1521 1682 1584 et
1694 1502 1878 1586 cachinnis

349 1645 515 1727 devorari
547 1640 733 1752 sapiffime
753 1637 928 1735 vidimus,
955 1636 1116 1718 eundem
1134 1653 1244 1743 prout
1271 1662 1396 1716 rerum
1414 1633 1666 1716 universarum
1702 1661 1878 1745 procura-

342 1763 473 1858 torem
493 1769 615 1853 colere
631 1788 668 1850 et
688 1766 848 1850 venera-ri
863 1764 926 1844 vix
951 1789 994 1844 ac
1012 1789 1058 1843 ne
1075 1761 1139 1842 rix
1157 1762 1311 1869 quidem
1330 1763 1523 1872 poffimus.
1579 1762 1701 1872 Atqui
1728 1761 1803 1844 hoc
1825 1761 1882 1848 ste

353 1901 430 1984 fieri
448 1901 561 1984 solete
581 1896 803 2006 accepimus,
834 1888 928 1973 fallis
949 1918 1035 1972 vera
1052 1889 1293 1972 immiscendo
1312 1891 1504 2002 periclitari
1525 1889 1643 1999 ipsam
1661 1890 1877 1992 veritatem3

351 2030 446 2112 falsas
471 2027 582 2138 pudet
605 2025 764 2122 credere,
796 2047 881 2102 vera
910 2019 1009 2128 piget
1023 2018 1217 2115 secernere;
1247 2019 1293 2098 ad
1313 2019 1508 2129 impietatis
1527 2038 1644 2126 partes
1664 2017 1789 2100 transit
1817 2019 1881 2100 su-

354 2156 528 2269 perstitio,
546 2171 584 2234 et
608 2151 838 2261 poeticorum
856 2146 986 2226 divilm
1003 2143 1164 2224 futilitati
1180 2143 1301 2226 lassata
1317 2146 1410 2227 adeo
1428 2171 1503 2226 non
1521 2146 1655 2259 sufficit
1671 2145 1878 2246 credulitas,

356 2304 398 2364 ut
416 2284 454 2364 in
468 2281 573 2364 omni
587 2278 731 2388 prorsus
747 2276 948 2374 divinitate,
969 2272 1074 2353 omni
1091 2273 1134 2352 vi.
1145 2271 1273 2354 calesti
1292 2273 1452 2356 tollentis
1465 2274 1630 2384 quietem
1649 2293 1694 2355 et·
1711 2273 1881 2354 securita-

357 2430 434 2494 tem
453 2409 691 2490 consesletur.
1649 2449 1661 2470 ··
1815 2441 1818 2446 ·

410 2535 560 2620 Perasli
579 2537 701 2646 itaque
714 2534 759 2616 de
770 2534 1044 2643 Magistratibus
1061 2551 1097 2615 et
1115 2535 1160 2615 de
1176 2533 1256 2616 Diis
1273 2534 1483 2615 insedandis
1501 2532 1883 2644 disquifitione,ressat,

359 2687 400 2747 ut
418 2669 463 2750 de
480 2664 653 2760 irrisione,
673 2690 756 2772 quae
773 2663 818 2742 ad
836 2663 999 2743 Privatos
1019 2662 1165 2771 spedlat,
1191 2663 1429 2770 disputemus.
1533 2679 1538 2690 ·
1741 2639 1746 2648 ’

412 2793 530 2904 Atqui
545 2793 672 2874 inhic
690 2811 791 2901 parte
809 2791 836 2872 st
857 2792 1011 2901 uspiam,
1032 2792 1114 2874 vitae
1125 2793 1426 2891 emendatricem,
1445 2819 1596 2874 monam
1608 2791 1884 2898 castigatricem,

359 2927 501 3008 virtutis
513 2925 723 3020 antistitem,
746 2925 921 3003 Veterem
941 2923 1178 3004 Comoediam
1197 2923 1365 3031 agnosco.
1421 2926 1522 3001 Cum
1542 2922 1642 3001 enim
1654 2921 1732 3004 baec
1745 2921 1793 3000 lit
1810 2923 1888 3001 Le·

360 3083 451 3162 gum
470 3053 650 3152 conditio,
683 3051 779 3130 utin
799 3053 1067 3152 absolutorum,
1085 3057 1328 3158 actorumque
1348 3051 1524 3144 scelerum
1545 3050 1660 3159 poenis
1679 3051 1887 3130 immoren-

360 3203 432 3282 tur,
465 3179 592 3262 callidd
612 3181 699 3288 jasli
736 3181 927 3288 emillique
942 3174 1105 3262 Ridicula
1127 3208 1170 3261 ea
1183 3182 1236 3263 est
1253 3182 1319 3281 vis,
1339 3201 1382 3261 ut
1400 3182 1510 3290 ipfius
1524 3179 1680 3289 pectoris
1699 3178 1889 3259 involucra

361 3329 469 3414 atque
488 3307 739 3412 integumenta
756 3306 921 3412 exploret
941 3326 1052 3413 atque
1070 3305 1241 3414 explicet,
1270 3306 1477 3387 nascentem
1497 3326 1609 3413 atque
1628 3304 1804 3384 inclusam
1821 3305 1890 3384 ad-

362 3437 437 3517 buc
455 3433 654 3540 nequitiam
673 3428 779 3509 facili
798 3433 982 3531 exturbet,
1010 3432 1165 3538 frangat,
1195 3435 1392 3541 opprimat.
1450 3435 1536 3513 Nec
1561 3433 1663 3512 rudis
1680 3431 1801 3512 sotum
1829 3448 1889 3510 at·

362 3587 436 3668 que
453 3555 680 3666 imperfecta,
699 3556 758 3634 sed
776 3556 878 3663 quast
894 3557 1054 3637 colorata
1071 3559 1183 3639 etiam
1202 3561 1421 3640 etroborata
1439 3560 1665 3670 improbitas,
1684 3563 1889 3640 dumnon-

362 3692 456 3771 dum
481 3685 728 3768 constantiam·
740 3685 1005 3793 audaciamque
1022 3687 1146 3768 attulit
1171 3688 1385 3769 diuturnitas
1403 3709 1513 3797 atque
1532 3689 1744 3798 impunitas,
1770 3695 1889 3799 pudo-

364 3821 411 3903 ris
428 3816 653 3927 disciplinam
671 3815 894 3925 msgnoperd
910 3815 1043 3924 refugit
1062 3837 1099 3896 et
1118 3817 1345 3900 reformidat.
1402 3820 1558 3898 Utinam
1574 3815 1664 3897 verb
1683 3817 1779 3898 hanc
1796 3847 1889 3928 prae·

364 3951 594 4059 scriptionem
615 3946 982 4055 moderationemque
997 3947 1161 4028 servaiffet
1176 3949 1293 4029 Prisca
1312 3951 1518 4049 Comoedia,
1531 3969 1586 4049 ut,
1593 3948 1693 4028 unde
1704 3949 1892 4029 vinditan-

364 4080 404 4159 di
421 4077 570 4157 initium
589 4075 900 4182 duxerintLeges,
920 4076 969 4154 ibi
986 4075 1061 4156 sere
1080 4076 1251 4156 irridendi
1266 4078 1378 4156 finem
1398 4077 1470 4186 ipsa
1479 4075 1731 4158 constituisset:
1751 4077 1893 4156 utinam

364 4206 403 4284 in
422 4221 614 4312 poetarum
632 4199 845 4309 quaestiones
858 4225 1082 4310 magnorum
1102 4202 1312 4284 facinorum
1330 4204 1631 4284 inverecundiam
1656 4230 1733 4284 non
1748 4202 1894 4282 addux-

366 4327 457 4425 isset,
476 4353 641 4437 quorum
655 4326 865 4407 immanitas
876 4327 981 4436 planti
998 4350 1183 4440 expugnat
1197 4323 1412 4412 facetiarum
1430 4331 1733 4413 imbecillitatem:
1748 4327 1896 4410 utinam

366 4457 408 4534 in
427 4451 675 4559 impudicitiae¹
689 4453 963 4563 reprehensione
1001 4455 1037 4535 sc
1062 4485 1136 4539 non
1165 4455 1426 4569 ingurgitiss'et,
1464 4461 1569 4566 cujus
1596 4459 1662 4569 ipfi
1676 4447 1897 4567 turpitudini

367 4580 517 4694 pudoris
542 4579 700 4660 humani
725 4582 816 4663 ratio
835 4581 908 4662 hoc
927 4582 1110 4691 deprecari
1130 4586 1286 4686 videtur,
1316 4605 1359 4668 ut
1391 4589 1429 4668 in
1456 4590 1608 4669 auribus
1638 4577 1793 4697 publicis
1819 4613 1900 4667 non

367 4713 500 4796 hereat
538 4705 715 4790 sedarum
752 4711 949 4794 libidinum
985 4715 1183 4825 castigatio,
1227 4745 1275 4798 ne
1308 4719 1515 4800 multorum
1539 4739 1643 4800 certo
1671 4718 1901 4801 detrimento

366 4840 506 4926 constet
531 4863 732 4950 paucorum
760 4837 895 4922 incerta
931 4841 1076 4928 utilitas.
1133 4851 1186 4926 At
1217 4845 1371 4954 quidem
1399 4845 1577 4930 habentus
1606 4846 1821 4958 praclarum
1839 4849 1905 4928 ni-

1857 4997 1911 5062 tae
