4288 5584
821 245 848 402 s
934 271 972 391 7
1058 238 1089 394 l

203 579 374 664 norem,
411 541 497 642 irae
515 544 656 640 unica
678 541 728 638 in
757 573 806 638 re
830 525 1012 673 ⁴semper
1048 536 1130 640 fibi
1170 463 1391 658 constant,
1429 535 1580 640 hostili
1616 540 1706 637 'ad-

147 889 151 900 ι
204 761 348 860 vorsus
370 755 633 890 religionem
650 753 757 852 odio
775 790 791 873 3
816 775 865 850 et
885 752 953 850 sui
968 752 1143 886 semper
1166 750 1328 854 similes
1345 777 1481 892 atque
1496 761 1708 858 virtutem

171 968 176 978 ⁴
204 983 346 1118 ipsam
382 979 620 1078 excindere
647 977 1030 1110 concupiscentes,
1070 973 1355 1076 occasionem
1387 1014 1575 1078 omnem
1601 1014 1709 1076 evo-

206 1195 362 1294 mendi
384 1191 634 1292 acerbitatis
673 1190 759 1290 suae
793 1193 911 1288 virus
934 1188 1286 1326 amplestuntur‚
1309 1190 1499 1290 'nullam'
1528 1217 1717 1326 preter--

206 1383 411 1510 mittunt.
483 1416 552 1509 Ita
587 1408 701 1508 olim
748 1403 858 1504 fecit
901 1409 1158 1529 Lucretius,
1193 1410 1397 1544 egregius
1433 1408 1525 1527 ille,
1561 1407 1597 1506 sr
1628 1409 1712 1506 diis

199 1613 369 1754 placet,
405 1619 619 1718 libertatis
660 1618 871 1718 humanae
902 1567 1113 1752 patronos
1143 1639 1281 1752 atque
1326 1616 1524 1716 vindex:
1561 1617 1709 1735 credo,

211 1845 332 1976 quia,
853 1889 993 1912 --
1020 1846 1052 1896 “
1090 1838 1178 1932 vita
1202 1831 1378 1967 jaceret.

351 2061 385 2112 “
420 2055 476 2148 In
510 2049 637 2146 terris
660 2041 867 2180 oppressa
893 2043 1018 2175 gravi
1045 2040 1128 2139 sub
1162 2039 1392 2174 relligione
1410 2039 1455 2140 ll’

211 2211 282 2358 lta
295 2257 524 2392 hodieque
541 2255 719 2355 faciunt
741 2255 909 2354 minuti
927 2252 1117 2386 quidam
1139 2247 1426 2385 philosophis
1434 2254 1517 2386 qui
1542 2247 1717 2352 maleli-

213 2501 325 2568 cum
338 2469 464 2566 idem
485 2467 541 2564 ad
566 2495 678 2599 opus
701 2459 900 2562 afferunt
913 2465 1113 2560 Lucretii
1133 2459 1351 2583 studium,
1370 2464 1542 2594 ingenii
1564 2461 1718 2563 laudes

121 2819 125 2828 Ι
214 2681 404 2779 minime
426 2673 730 2803 assequuntun
803 2675 929 2802 Qrin
951 2675 1091 2803 igitur
1114 2675 1269 2771 Taciti
1309 2668 1470 2805 scripta
1504 2672 1563 2768 ad
1597 2673 1719 2772 hane

215 2925 423 2990 normam
453 2889 679 3018 exigimus
697 2883 717 2978 Ρ
735 2889 809 2979 De
823 2881 936 3015 juris
958 2881 1202 3013 legumque
1225 2887 1452 3020 principiis
1490 2837 1722 2986 disiurum

215 3133 282 3195 res
300 3096 391 3230 ipsa
408 3093 623 3225 locusque
645 3092 889 3190 admouere
921 3117 1146 3226 poterant,
1184 3094 1553 3230 adiprodendum
1583 3102 1723 3199 inter-

219 3312 436 3406 neciuum
457 3304 590 3421 illud,
615 3303 743 3435 quod
762 3307 803 3400 ei
823 3304 1086 3438 objesiatsm
1110 3251 1333 3409 sacrorum
1354 3311 1528 3413 odium.
1600 3311 1736 3446 Qid'·

218 3525 292 3624 hie
316 3521 429 3620 mihi
448 3481 675 3617 Tacitus?
710 3511 934 3636 Edisserit,
970 3522 1127 3640 credo,
1144 3527 1389 3657 impietatis
1406 3529 1589 3626 eruditae
1610 3470 1727 3661 prrs-

219 3765 391 3872 ceptor‚
420 3751 434 3798 ‘
458 3771 554 3831 non
575 3735 661 3830 effe
680 3733 805 3850 deos,
823 3769 917 3830 non
940 3733 1025 3830 eiii:
1043 3729 1213 3831 celeste
1252 3776 1423 3836 numen
1442 3781 1458 3860 3
1496 3745 1639 3841 nullas
1660 3749 1727 3845 sa-

225 3967 242 4018 ‘
275 3987 371 4050 cras
389 3948 559 4078 legum,
596 3913 742 4042 nullas
759 3939 983 4042 soederum
1008 3945 1266 4071 sanctiones,
1293 3950 1417 4051 nulla
1431 3955 1724 4092 jurisjurandi

228 4179 242 4228 ‘
278 4158 490 4277 vincula3
522 4156 596 4290 jus
619 4181 755 4286 atque
771 4151 914 4252 fidem
942 4155 1148 4289 speciosa,
1169 4157 1241 4258 sed
1260 4197 1387 4280 vana,
1414 4165 1486 4262 sed
1510 4165 1601 4265 fine
1624 4175 1729 4268 viri-

229 4395 243 4440 ‘
280 4374 364 4470 bus
379 4372 596 4486 nomina3
624 4363 889 4498 religionem
908 4363 1095 4462 demum
1114 4367 1274 4467 solaex
1290 4371 1481 4472 utilitate
1497 4379 1691 4510 pendere
1706 4420 1738 4508 3,

229 4588 246 4634 ¹
282 4573 374 4706 ejus
390 4571 447 4668 ad
471 4572 704 4668 arbitrium
731 4569 888 4670 assumi
903 4572 1032 4707 juxta
1050 4610 1102 4671 ac
1126 4575 1326 4706 deponi’
1352 4586 1497 4713 Atqui
1514 4540 1627 4683 nihil
1643 4590 1730 4686 ho·
1795 4550 1798 4556 Ι

229 4815 332 4879 rum
356 4779 481 4914 apud
503 4759 722 4879 Taciturn
745 4782 946 4909 reperies.
1019 4781 1159 4908 Qrin,
1185 4775 1400 4913 percursrs
1435 4785 1732 4885 vetustissimis

1463 4997 1735 5129 quibusdam
1822 5121 1829 5134 ,
