<?xml version="1.0" encoding="UTF-8"?>
<!DOCTYPE html PUBLIC "-//W3C//DTD XHTML 1.0 Transitional//EN"
    "http://www.w3.org/TR/xhtml1/DTD/xhtml1-transitional.dtd">
<html xmlns="http://www.w3.org/1999/xhtml" xml:lang="en" lang="en">
 <head>
  <title>
</title>
<meta http-equiv="Content-Type" content="text/html;charset=utf-8" />
  <meta name='ocr-system' content='tesseract 3.04.00' />
  <meta name='ocr-capabilities' content='ocr_page ocr_carea ocr_par ocr_line ocrx_word'/>
</head>
<body>
  <div class='ocr_page' id='page_1' title='image "./inpindariprimum00barfgoog_0166.png"; bbox 0 0 4288 5584; ppageno 0'>
   <div class='ocr_carea' id='block_1_1' title="bbox 289 407 1890 1150">
    <p class='ocr_par' dir='ltr' id='par_1_1' title="bbox 289 407 1890 1150">
     <span class='ocr_line' id='line_1_1' title="bbox 877 407 1347 606; baseline -0.017 -36"><span class='ocrx_word' id='word_1_1' title='bbox 877 417 930 570; x_wconf 61' lang='lat'>¹(</span> <span class='ocrx_word' id='word_1_2' title='bbox 985 444 1087 566; x_wconf 71' lang='lat'>&#39;15</span> <span class='ocrx_word' id='word_1_3' title='bbox 1138 407 1192 590; x_wconf 47' lang='lat' dir='ltr'>,l</span> <span class='ocrx_word' id='word_1_4' title='bbox 1342 591 1347 606; x_wconf 21' lang='grc' dir='ltr'><strong><em>Ι</em></strong></span> 
     </span>
     <span class='ocr_line' id='line_1_2' title="bbox 289 686 1890 822; baseline 0.001 -34"><span class='ocrx_word' id='word_1_5' title='bbox 289 689 394 793; x_wconf 77' lang='lat' dir='ltr'>&#39;led</span> <span class='ocrx_word' id='word_1_6' title='bbox 420 709 640 822; x_wconf 79' lang='lat' dir='ltr'>tanquam</span> <span class='ocrx_word' id='word_1_7' title='bbox 665 689 855 786; x_wconf 67' lang='lat' dir='ltr'>conviva</span> <span class='ocrx_word' id='word_1_8' title='bbox 886 686 1006 787; x_wconf 83' lang='lat' dir='ltr'>satur</span> <span class='ocrx_word' id='word_1_9' title='bbox 1035 688 1196 786; x_wconf 85' lang='lat' dir='ltr'>abivit:</span> <span class='ocrx_word' id='word_1_10' title='bbox 1242 688 1421 797; x_wconf 78' lang='lat' dir='ltr'>insolito</span> <span class='ocrx_word' id='word_1_11' title='bbox 1467 693 1765 807; x_wconf 80' lang='lat' dir='ltr'>enimaoirui</span> <span class='ocrx_word' id='word_1_12' title='bbox 1888 721 1890 726; x_wconf 84' lang='grc'><strong>’</strong></span> 
     </span>
     <span class='ocr_line' id='line_1_3' title="bbox 308 847 1767 994; baseline 0.003 -42"><span class='ocrx_word' id='word_1_13' title='bbox 308 857 468 994; x_wconf 73' lang='lat' dir='ltr'>uigore</span> <span class='ocrx_word' id='word_1_14' title='bbox 516 847 787 966; x_wconf 76' lang='lat' dir='ltr'>fortitudine</span> <span class='ocrx_word' id='word_1_15' title='bbox 838 876 891 961; x_wconf 82' lang='lat' dir='ltr'>et</span> <span class='ocrx_word' id='word_1_16' title='bbox 939 847 1180 969; x_wconf 77' lang='lat' dir='ltr'>hilaritate,</span> <span class='ocrx_word' id='word_1_17' title='bbox 1222 852 1323 988; x_wconf 87' lang='lat' dir='ltr'>jam</span> <span class='ocrx_word' id='word_1_18' title='bbox 1366 858 1682 986; x_wconf 72' lang='lat' dir='ltr'>ottogenarius</span> <span class='ocrx_word' id='word_1_19' title='bbox 1717 884 1767 964; x_wconf 84' lang='lat' dir='ltr'>et</span> 
     </span>
     <span class='ocr_line' id='line_1_4' title="bbox 311 1007 1764 1150; baseline -0.004 -32"><span class='ocrx_word' id='word_1_20' title='bbox 311 1011 404 1146; x_wconf 83' lang='lat' dir='ltr'>ipse</span> <span class='ocrx_word' id='word_1_21' title='bbox 428 1011 535 1108; x_wconf 90' lang='lat' dir='ltr'>huic</span> <span class='ocrx_word' id='word_1_22' title='bbox 581 1013 760 1130; x_wconf 74' lang='lat' dir='ltr'>mepsae,</span> <span class='ocrx_word' id='word_1_23' title='bbox 796 1045 939 1146; x_wconf 78' lang='lat' dir='ltr'>quam</span> <span class='ocrx_word' id='word_1_24' title='bbox 971 1007 1125 1150; x_wconf 26' lang='lat' dir='ltr'>&#39;laute</span> <span class='ocrx_word' id='word_1_25' title='bbox 1180 1038 1535 1147; x_wconf 83' lang='lat' dir='ltr'>comparaverat,</span> <span class='ocrx_word' id='word_1_26' title='bbox 1574 1051 1764 1121; x_wconf 80' lang='lat' dir='ltr'>aecum-</span> 
     </span>
    </p>
   </div>
   <div class='ocr_carea' id='block_1_2' title="bbox 311 1171 1764 1474">
    <p class='ocr_par' dir='ltr' id='par_1_2' title="bbox 311 1171 1764 1474">
     <span class='ocr_line' id='line_1_5' title="bbox 311 1171 1764 1302; baseline 0.004 -34"><span class='ocrx_word' id='word_1_27' title='bbox 311 1173 418 1269; x_wconf 86' lang='lat' dir='ltr'>bere</span> <span class='ocrx_word' id='word_1_28' title='bbox 455 1171 614 1290; x_wconf 90' lang='lat' dir='ltr'>voluit,</span> <span class='ocrx_word' id='word_1_29' title='bbox 652 1197 698 1270; x_wconf 92' lang='lat' dir='ltr'>et</span> <span class='ocrx_word' id='word_1_30' title='bbox 747 1201 801 1272; x_wconf 92' lang='lat' dir='ltr'>ut</span> <span class='ocrx_word' id='word_1_31' title='bbox 833 1213 930 1302; x_wconf 82' lang='lat' dir='ltr'>nos</span> <span class='ocrx_word' id='word_1_32' title='bbox 984 1174 1206 1276; x_wconf 88' lang='lat' dir='ltr'>redeunte</span> <span class='ocrx_word' id='word_1_33' title='bbox 1253 1213 1376 1276; x_wconf 89' lang='lat' dir='ltr'>armo</span> <span class='ocrx_word' id='word_1_34' title='bbox 1422 1173 1590 1276; x_wconf 85' lang='lat' dir='ltr'>festum</span> <span class='ocrx_word' id='word_1_35' title='bbox 1637 1175 1764 1275; x_wconf 91' lang='lat' dir='ltr'>hunc</span> 
     </span>
     <span class='ocr_line' id='line_1_6' title="bbox 311 1331 1140 1474; baseline 0.008 -44"><span class='ocrx_word' id='word_1_36' title='bbox 311 1331 588 1442; x_wconf 75' lang='lat' dir='ltr'>sumeremus</span> <span class='ocrx_word' id='word_1_37' title='bbox 613 1333 738 1446; x_wconf 81' lang='lat' dir='ltr'>diem</span> <span class='ocrx_word' id='word_1_38' title='bbox 763 1337 1007 1474; x_wconf 75' lang='lat' dir='ltr'>prospexit.</span> <span class='ocrx_word' id='word_1_39' title='bbox 1136 1439 1140 1444; x_wconf 83' lang='grc'><em>,</em></span> 
     </span>
    </p>
   </div>
   <div class='ocr_carea' id='block_1_3' title="bbox 288 1651 1888 4041">
    <p class='ocr_par' dir='ltr' id='par_1_3' title="bbox 288 1651 1888 4041">
     <span class='ocr_line' id='line_1_7' title="bbox 288 1651 1764 1788; baseline 0.005 -46"><span class='ocrx_word' id='word_1_40' title='bbox 288 1735 295 1742; x_wconf 93' lang='grc'><em>.</em></span> <span class='ocrx_word' id='word_1_41' title='bbox 380 1653 697 1760; x_wconf 73' lang='lat' dir='ltr'>Hanvnr&#39;uu</span> <span class='ocrx_word' id='word_1_42' title='bbox 759 1651 925 1753; x_wconf 79' lang='lat' dir='ltr'>meritd</span> <span class='ocrx_word' id='word_1_43' title='bbox 971 1657 1143 1788; x_wconf 85' lang='lat' dir='ltr'>excipit</span> <span class='ocrx_word' id='word_1_44' title='bbox 1198 1661 1448 1777; x_wconf 74' lang='lat' dir='ltr'>Haunus&#39;,</span> <span class='ocrx_word' id='word_1_45' title='bbox 1484 1687 1639 1780; x_wconf 79' lang='lat' dir='ltr'>rerum</span> <span class='ocrx_word' id='word_1_46' title='bbox 1686 1655 1764 1750; x_wconf 93' lang='lat' dir='ltr'>iti-</span> 
     </span>
     <span class='ocr_line' id='line_1_8' title="bbox 304 1809 1767 1946; baseline -0.001 -36"><span class='ocrx_word' id='word_1_47' title='bbox 304 1810 415 1910; x_wconf 85' lang='lat' dir='ltr'>dem</span> <span class='ocrx_word' id='word_1_48' title='bbox 485 1809 741 1912; x_wconf 82' lang='lat' dir='ltr'>oostrurum</span> <span class='ocrx_word' id='word_1_49' title='bbox 805 1812 957 1914; x_wconf 80' lang='lat' dir='ltr'>fautor</span> <span class='ocrx_word' id='word_1_50' title='bbox 1038 1814 1522 1934; x_wconf 80' lang='lat' dir='ltr'>murrificentiffimus3</span> <span class='ocrx_word' id='word_1_51' title='bbox 1577 1816 1658 1946; x_wconf 88' lang='lat' dir='ltr'>qui</span> <span class='ocrx_word' id='word_1_52' title='bbox 1709 1849 1767 1910; x_wconf 85' lang='lat' dir='ltr'>eo</span> 
     </span>
     <span class='ocr_line' id='line_1_9' title="bbox 308 1971 1767 2110; baseline 0 -38"><span class='ocrx_word' id='word_1_53' title='bbox 308 1971 476 2088; x_wconf 69' lang='lat' dir='ltr'>affedlu</span> <span class='ocrx_word' id='word_1_54' title='bbox 506 2011 593 2093; x_wconf 71' lang='lat' dir='ltr'>nou</span> <span class='ocrx_word' id='word_1_55' title='bbox 624 1973 865 2110; x_wconf 80' lang='lat' dir='ltr'>nostraque</span> <span class='ocrx_word' id='word_1_56' title='bbox 890 1973 1150 2109; x_wconf 87' lang='lat' dir='ltr'>prosecutus</span> <span class='ocrx_word' id='word_1_57' title='bbox 1183 1977 1264 2097; x_wconf 85' lang='lat' dir='ltr'>est,</span> <span class='ocrx_word' id='word_1_58' title='bbox 1301 2005 1479 2077; x_wconf 89' lang='lat' dir='ltr'>utnon</span> <span class='ocrx_word' id='word_1_59' title='bbox 1513 1976 1599 2074; x_wconf 88' lang='lat' dir='ltr'>suis</span> <span class='ocrx_word' id='word_1_60' title='bbox 1625 1971 1767 2072; x_wconf 83' lang='lat' dir='ltr'>modd</span> 
     </span>
     <span class='ocr_line' id='line_1_10' title="bbox 306 2125 1766 2272; baseline -0.001 -39"><span class='ocrx_word' id='word_1_61' title='bbox 306 2131 622 2272; x_wconf 75' lang='lat' dir='ltr'>largitionibus</span> <span class='ocrx_word' id='word_1_62' title='bbox 661 2137 782 2238; x_wconf 86' lang='lat' dir='ltr'>hanc</span> <span class='ocrx_word' id='word_1_63' title='bbox 808 2187 812 2204; x_wconf 92' lang='lat'><em>·</em></span> <span class='ocrx_word' id='word_1_64' title='bbox 835 2125 1095 2236; x_wconf 86' lang='lat' dir='ltr'>societatem</span> <span class='ocrx_word' id='word_1_65' title='bbox 1136 2135 1308 2260; x_wconf 74' lang='lat' dir='ltr'>ditdrit,</span> <span class='ocrx_word' id='word_1_66' title='bbox 1357 2136 1433 2236; x_wconf 83' lang='lat' dir='ltr'>sed</span> <span class='ocrx_word' id='word_1_67' title='bbox 1478 2137 1590 2238; x_wconf 88' lang='lat' dir='ltr'>alios</span> <span class='ocrx_word' id='word_1_68' title='bbox 1647 2171 1766 2270; x_wconf 91' lang='lat' dir='ltr'>quo-</span> 
     </span>
     <span class='ocr_line' id='line_1_11' title="bbox 309 2295 1763 2438; baseline -0.003 -43"><span class='ocrx_word' id='word_1_69' title='bbox 309 2333 401 2438; x_wconf 89' lang='lat' dir='ltr'>que</span> <span class='ocrx_word' id='word_1_70' title='bbox 445 2335 556 2397; x_wconf 89' lang='lat' dir='ltr'>cum</span> <span class='ocrx_word' id='word_1_71' title='bbox 609 2297 661 2396; x_wconf 80' lang='lat' dir='ltr'>ei</span> <span class='ocrx_word' id='word_1_72' title='bbox 704 2298 896 2398; x_wconf 65' lang='lat' dir='ltr'>minimi:</span> <span class='ocrx_word' id='word_1_73' title='bbox 942 2299 1227 2432; x_wconf 73' lang='lat' dir='ltr'>conjuntios‚</span> <span class='ocrx_word' id='word_1_74' title='bbox 1264 2325 1319 2396; x_wconf 92' lang='lat' dir='ltr'>ut</span> <span class='ocrx_word' id='word_1_75' title='bbox 1372 2298 1499 2395; x_wconf 88' lang='lat' dir='ltr'>idem</span> <span class='ocrx_word' id='word_1_76' title='bbox 1547 2295 1763 2416; x_wconf 81' lang='lat' dir='ltr'>lacerent,</span> 
     </span>
     <span class='ocr_line' id='line_1_12' title="bbox 307 2457 1767 2595; baseline 0 -39"><span class='ocrx_word' id='word_1_77' title='bbox 307 2459 542 2592; x_wconf 80' lang='lat' dir='ltr'>impulerit</span> <span class='ocrx_word' id='word_1_78' title='bbox 564 2481 596 2585; x_wconf 65' lang='grc' dir='ltr'>ς’</span> <span class='ocrx_word' id='word_1_79' title='bbox 614 2486 663 2558; x_wconf 88' lang='lat' dir='ltr'>et</span> <span class='ocrx_word' id='word_1_80' title='bbox 686 2460 788 2595; x_wconf 90' lang='lat' dir='ltr'>post</span> <span class='ocrx_word' id='word_1_81' title='bbox 828 2457 965 2560; x_wconf 86' lang='lat' dir='ltr'>fatale</span> <span class='ocrx_word' id='word_1_82' title='bbox 996 2459 1133 2594; x_wconf 80' lang='lat' dir='ltr'>hujus</span> <span class='ocrx_word' id='word_1_83' title='bbox 1169 2459 1292 2558; x_wconf 77' lang='lat' dir='ltr'>urbii</span> <span class='ocrx_word' id='word_1_84' title='bbox 1328 2463 1620 2588; x_wconf 77' lang='lat' dir='ltr'>incendium,</span> <span class='ocrx_word' id='word_1_85' title='bbox 1654 2495 1767 2556; x_wconf 91' lang='lat' dir='ltr'>curn</span> 
     </span>
     <span class='ocr_line' id='line_1_13' title="bbox 305 2615 1830 2737; baseline -0.001 -17"><span class='ocrx_word' id='word_1_86' title='bbox 305 2623 463 2730; x_wconf 83' lang='lat' dir='ltr'>omnia</span> <span class='ocrx_word' id='word_1_87' title='bbox 499 2626 742 2732; x_wconf 80' lang='lat' dir='ltr'>communi</span> <span class='ocrx_word' id='word_1_88' title='bbox 779 2649 827 2718; x_wconf 89' lang='lat' dir='ltr'>et</span> <span class='ocrx_word' id='word_1_89' title='bbox 859 2621 1139 2723; x_wconf 67' lang='lat' dir='ltr'>inerarrabili</span> <span class='ocrx_word' id='word_1_90' title='bbox 1174 2615 1271 2716; x_wconf 84' lang='lat' dir='ltr'>fato</span> <span class='ocrx_word' id='word_1_91' title='bbox 1302 2622 1352 2712; x_wconf 91' lang='lat' dir='ltr'>in</span> <span class='ocrx_word' id='word_1_92' title='bbox 1375 2623 1547 2714; x_wconf 80' lang='lat' dir='ltr'>cineres</span> <span class='ocrx_word' id='word_1_93' title='bbox 1588 2620 1767 2718; x_wconf 70' lang='lat' dir='ltr'>redadia</span> <span class='ocrx_word' id='word_1_94' title='bbox 1818 2725 1830 2737; x_wconf 67' lang='grc'><strong><em>,</em></strong></span> 
     </span>
     <span class='ocr_line' id='line_1_14' title="bbox 290 2775 1768 2910; baseline 0.001 -38"><span class='ocrx_word' id='word_1_95' title='bbox 290 2777 450 2904; x_wconf 74' lang='lat' dir='ltr'>luere,</span> <span class='ocrx_word' id='word_1_96' title='bbox 487 2775 895 2894; x_wconf 71' lang='lat' dir='ltr'>beneficentissimd</span> <span class='ocrx_word' id='word_1_97' title='bbox 932 2815 1078 2878; x_wconf 87' lang='lat' dir='ltr'>manu</span> <span class='ocrx_word' id='word_1_98' title='bbox 1114 2811 1331 2908; x_wconf 83' lang='lat' dir='ltr'>magnam</span> <span class='ocrx_word' id='word_1_99' title='bbox 1357 2780 1561 2910; x_wconf 77' lang='lat' dir='ltr'>pecunie</span> <span class='ocrx_word' id='word_1_100' title='bbox 1587 2781 1685 2876; x_wconf 90' lang='lat' dir='ltr'>vim</span> <span class='ocrx_word' id='word_1_101' title='bbox 1709 2779 1768 2876; x_wconf 89' lang='lat' dir='ltr'>ad</span> 
     </span>
     <span class='ocr_line' id='line_1_15' title="bbox 294 2937 1768 3074; baseline -0.001 -34"><span class='ocrx_word' id='word_1_102' title='bbox 294 2937 598 3052; x_wconf 69' lang='lat' dir='ltr'>restituendas</span> <span class='ocrx_word' id='word_1_103' title='bbox 644 2937 827 3074; x_wconf 85' lang='lat' dir='ltr'>collegii</span> <span class='ocrx_word' id='word_1_104' title='bbox 851 2938 965 3038; x_wconf 84' lang='lat' dir='ltr'>aedes</span> <span class='ocrx_word' id='word_1_105' title='bbox 989 2941 1224 3070; x_wconf 83' lang='lat' dir='ltr'>erogavit3</span> <span class='ocrx_word' id='word_1_106' title='bbox 1259 2965 1306 3034; x_wconf 92' lang='lat' dir='ltr'>et</span> <span class='ocrx_word' id='word_1_107' title='bbox 1339 2975 1448 3049; x_wconf 88' lang='lat' dir='ltr'>cum</span> <span class='ocrx_word' id='word_1_108' title='bbox 1483 2937 1654 3066; x_wconf 73' lang='lat' dir='ltr'>eedem</span> <span class='ocrx_word' id='word_1_109' title='bbox 1677 2942 1768 3038; x_wconf 90' lang='lat' dir='ltr'>ini·</span> 
     </span>
     <span class='ocr_line' id='line_1_16' title="bbox 298 3097 1768 3239; baseline -0.001 -39"><span class='ocrx_word' id='word_1_110' title='bbox 298 3099 529 3239; x_wconf 69' lang='lat' dir='ltr'>quillimis</span> <span class='ocrx_word' id='word_1_111' title='bbox 555 3101 835 3235; x_wconf 85' lang='lat' dir='ltr'>temporibus</span> <span class='ocrx_word' id='word_1_112' title='bbox 852 3099 934 3200; x_wconf 86' lang='lat' dir='ltr'>sub</span> <span class='ocrx_word' id='word_1_113' title='bbox 952 3097 1077 3200; x_wconf 71' lang='lat' dir='ltr'>haste</span> <span class='ocrx_word' id='word_1_114' title='bbox 1093 3097 1247 3232; x_wconf 84' lang='lat' dir='ltr'>posrtae</span> <span class='ocrx_word' id='word_1_115' title='bbox 1265 3097 1391 3200; x_wconf 88' lang='lat' dir='ltr'>fuere</span> <span class='ocrx_word' id='word_1_116' title='bbox 1413 3099 1542 3236; x_wconf 84' lang='lat' dir='ltr'>injus</span> <span class='ocrx_word' id='word_1_117' title='bbox 1566 3100 1768 3200; x_wconf 89' lang='lat' dir='ltr'>alienum</span> 
     </span>
     <span class='ocr_line' id='line_1_17' title="bbox 297 3251 1888 3397; baseline -0.002 -37"><span class='ocrx_word' id='word_1_118' title='bbox 297 3263 491 3397; x_wconf 79' lang='lat' dir='ltr'>jamjam</span> <span class='ocrx_word' id='word_1_119' title='bbox 514 3251 711 3381; x_wconf 58' lang='lat' dir='ltr'>cell‘ur&#39;ae,</span> <span class='ocrx_word' id='word_1_120' title='bbox 748 3260 806 3358; x_wconf 90' lang='lat' dir='ltr'>de</span> <span class='ocrx_word' id='word_1_121' title='bbox 847 3263 1040 3395; x_wconf 88' lang='lat' dir='ltr'>propriis</span> <span class='ocrx_word' id='word_1_122' title='bbox 1067 3257 1364 3360; x_wconf 85' lang='lat' dir='ltr'>facultatibus</span> <span class='ocrx_word' id='word_1_123' title='bbox 1387 3263 1603 3397; x_wconf 81' lang='lat' dir='ltr'>contulit,</span> <span class='ocrx_word' id='word_1_124' title='bbox 1641 3263 1771 3394; x_wconf 91' lang='lat' dir='ltr'>quod</span> <span class='ocrx_word' id='word_1_125' title='bbox 1885 3257 1888 3264; x_wconf 69' lang='grc'><strong>’</strong></span> 
     </span>
     <span class='ocr_line' id='line_1_18' title="bbox 292 3421 1770 3540; baseline 0.005 -22"><span class='ocrx_word' id='word_1_126' title='bbox 292 3423 363 3526; x_wconf 75' lang='lat' dir='ltr'>‚ad</span> <span class='ocrx_word' id='word_1_127' title='bbox 387 3425 482 3524; x_wconf 84' lang='lat' dir='ltr'>illus</span> <span class='ocrx_word' id='word_1_128' title='bbox 506 3421 795 3522; x_wconf 81' lang='lat' dir='ltr'>redimendas</span> <span class='ocrx_word' id='word_1_129' title='bbox 814 3421 987 3520; x_wconf 79' lang='lat' dir='ltr'>neceffe</span> <span class='ocrx_word' id='word_1_130' title='bbox 1010 3446 1122 3540; x_wconf 88' lang='lat' dir='ltr'>erat,</span> <span class='ocrx_word' id='word_1_131' title='bbox 1144 3427 1314 3522; x_wconf 86' lang='lat' dir='ltr'>iterum</span> <span class='ocrx_word' id='word_1_132' title='bbox 1349 3424 1390 3525; x_wconf 88' lang='lat' dir='ltr'>se</span> <span class='ocrx_word' id='word_1_133' title='bbox 1413 3429 1648 3524; x_wconf 87' lang='lat' dir='ltr'>ruentium</span> <span class='ocrx_word' id='word_1_134' title='bbox 1672 3422 1770 3526; x_wconf 91' lang='lat' dir='ltr'>col-</span> 
     </span>
     <span class='ocr_line' id='line_1_19' title="bbox 302 3557 1769 3718; baseline -0.001 -36"><span class='ocrx_word' id='word_1_135' title='bbox 302 3587 415 3718; x_wconf 84' lang='lat' dir='ltr'>legii</span> <span class='ocrx_word' id='word_1_136' title='bbox 438 3621 591 3687; x_wconf 84' lang='lat' dir='ltr'>retum</span> <span class='ocrx_word' id='word_1_137' title='bbox 623 3583 957 3684; x_wconf 83' lang='lat' dir='ltr'>adminiculum</span> <span class='ocrx_word' id='word_1_138' title='bbox 993 3584 1302 3717; x_wconf 89' lang='lat' dir='ltr'>columenque</span> <span class='ocrx_word' id='word_1_139' title='bbox 1334 3557 1551 3717; x_wconf 82' lang='lat' dir='ltr'>praebens.</span> <span class='ocrx_word' id='word_1_140' title='bbox 1625 3592 1688 3681; x_wconf 91' lang='lat' dir='ltr'>Et</span> <span class='ocrx_word' id='word_1_141' title='bbox 1710 3619 1769 3682; x_wconf 89' lang='lat' dir='ltr'>ne</span> 
     </span>
     <span class='ocr_line' id='line_1_20' title="bbox 293 3725 1767 3878; baseline -0.006 -30"><span class='ocrx_word' id='word_1_142' title='bbox 293 3725 513 3878; x_wconf 73' lang='lat' dir='ltr'>,unquam</span> <span class='ocrx_word' id='word_1_143' title='bbox 548 3745 662 3840; x_wconf 86' lang='lat' dir='ltr'>eiin</span> <span class='ocrx_word' id='word_1_144' title='bbox 685 3743 915 3874; x_wconf 82' lang='lat' dir='ltr'>posterum</span> <span class='ocrx_word' id='word_1_145' title='bbox 957 3742 1205 3842; x_wconf 84' lang='lat' dir='ltr'>defecerint</span> <span class='ocrx_word' id='word_1_146' title='bbox 1234 3743 1477 3876; x_wconf 23' lang='lat' dir='ltr'>&#39;suppetim</span> <span class='ocrx_word' id='word_1_147' title='bbox 1514 3740 1767 3843; x_wconf 74' lang='lat' dir='ltr'>tautiisrmis</span> 
     </span>
     <span class='ocr_line' id='line_1_21' title="bbox 306 3897 1420 4041; baseline -0.004 -37"><span class='ocrx_word' id='word_1_148' title='bbox 306 3905 579 4041; x_wconf 75' lang='lat' dir='ltr'>quibusdam</span> <span class='ocrx_word' id='word_1_149' title='bbox 603 3903 781 4039; x_wconf 84' lang='lat' dir='ltr'>praediis</span> <span class='ocrx_word' id='word_1_150' title='bbox 802 3898 1011 4038; x_wconf 70' lang='lat' dir='ltr'>supremi.</span> <span class='ocrx_word' id='word_1_151' title='bbox 1035 3897 1200 4000; x_wconf 80' lang='lat' dir='ltr'>tabellal</span> <span class='ocrx_word' id='word_1_152' title='bbox 1220 3899 1420 4000; x_wconf 81' lang='lat' dir='ltr'>donavit.</span> 
     </span>
    </p>
   </div>
   <div class='ocr_carea' id='block_1_4' title="bbox 312 4219 2037 4990">
    <p class='ocr_par' dir='ltr' id='par_1_4' title="bbox 312 4219 2037 4990">
     <span class='ocr_line' id='line_1_22' title="bbox 379 4219 1764 4362; baseline -0.002 -36"><span class='ocrx_word' id='word_1_153' title='bbox 379 4233 650 4326; x_wconf 82' lang='lat' dir='ltr'>Hrnvrrr</span> <span class='ocrx_word' id='word_1_154' title='bbox 675 4227 944 4361; x_wconf 87' lang='lat' dir='ltr'>exemplum</span> <span class='ocrx_word' id='word_1_155' title='bbox 986 4229 1035 4328; x_wconf 87' lang='lat' dir='ltr'>in</span> <span class='ocrx_word' id='word_1_156' title='bbox 1068 4219 1302 4330; x_wconf 56' lang='lat' dir='ltr'>anatomia</span> <span class='ocrx_word' id='word_1_157' title='bbox 1327 4223 1581 4346; x_wconf 67' lang='lat' dir='ltr'>excolendi</span> <span class='ocrx_word' id='word_1_158' title='bbox 1621 4228 1764 4362; x_wconf 85' lang='lat' dir='ltr'>pluri-</span> 
     </span>
     <span class='ocr_line' id='line_1_23' title="bbox 312 4386 1837 4524; baseline -0.004 -36"><span class='ocrx_word' id='word_1_159' title='bbox 312 4391 377 4490; x_wconf 91' lang='lat' dir='ltr'>mi</span> <span class='ocrx_word' id='word_1_160' title='bbox 413 4389 492 4487; x_wconf 86' lang='lat' dir='ltr'>sub</span> <span class='ocrx_word' id='word_1_161' title='bbox 521 4389 609 4487; x_wconf 89' lang='lat' dir='ltr'>hoc</span> <span class='ocrx_word' id='word_1_162' title='bbox 657 4415 838 4520; x_wconf 89' lang='lat' dir='ltr'>tempus</span> <span class='ocrx_word' id='word_1_163' title='bbox 869 4386 1007 4485; x_wconf 83' lang='lat' dir='ltr'>secuti</span> <span class='ocrx_word' id='word_1_164' title='bbox 1047 4387 1151 4494; x_wconf 85' lang='lat' dir='ltr'>sunt</span> <span class='ocrx_word' id='word_1_165' title='bbox 1191 4391 1372 4491; x_wconf 39' lang='lat' dir='ltr'>medici*</span> <span class='ocrx_word' id='word_1_166' title='bbox 1401 4388 1762 4524; x_wconf 71' lang='lat' dir='ltr'>prestantissimi,</span> <span class='ocrx_word' id='word_1_167' title='bbox 1818 4410 1837 4450; x_wconf 77' lang='lat'><em>⁶</em></span> 
     </span>
     <span class='ocr_line' id='line_1_24' title="bbox 313 4537 2037 4690; baseline -0.005 -39"><span class='ocrx_word' id='word_1_168' title='bbox 313 4557 395 4685; x_wconf 86' lang='lat' dir='ltr'>qui</span> <span class='ocrx_word' id='word_1_169' title='bbox 421 4549 703 4682; x_wconf 76' lang='lat' dir='ltr'>singularum</span> <span class='ocrx_word' id='word_1_170' title='bbox 728 4552 930 4684; x_wconf 84' lang='lat' dir='ltr'>corporis</span> <span class='ocrx_word' id='word_1_171' title='bbox 952 4549 1147 4651; x_wconf 87' lang='lat' dir='ltr'>humani</span> <span class='ocrx_word' id='word_1_172' title='bbox 1180 4559 1398 4690; x_wconf 86' lang='lat' dir='ltr'>partium,</span> <span class='ocrx_word' id='word_1_173' title='bbox 1435 4550 1597 4686; x_wconf 71' lang='lat' dir='ltr'>utpote</span> <span class='ocrx_word' id='word_1_174' title='bbox 1639 4589 1764 4648; x_wconf 89' lang='lat' dir='ltr'>cere·</span> <span class='ocrx_word' id='word_1_175' title='bbox 1977 4537 2037 4598; x_wconf 77' lang='lat'>⁸·</span> 
     </span>
     <span class='ocr_line' id='line_1_25' title="bbox 316 4711 1762 4854; baseline -0.001 -46"><span class='ocrx_word' id='word_1_176' title='bbox 316 4713 400 4832; x_wconf 90' lang='lat' dir='ltr'>bri,</span> <span class='ocrx_word' id='word_1_177' title='bbox 445 4711 608 4837; x_wconf 83' lang='lat' dir='ltr'>cordis,</span> <span class='ocrx_word' id='word_1_178' title='bbox 647 4712 836 4849; x_wconf 78' lang='lat' dir='ltr'>hepatis,</span> <span class='ocrx_word' id='word_1_179' title='bbox 873 4737 919 4810; x_wconf 93' lang='lat' dir='ltr'>et</span> <span class='ocrx_word' id='word_1_180' title='bbox 963 4712 1285 4848; x_wconf 83' lang='lat' dir='ltr'>glandulurum</span> <span class='ocrx_word' id='word_1_181' title='bbox 1332 4716 1641 4854; x_wconf 84' lang='lat' dir='ltr'>explicationi,</span> <span class='ocrx_word' id='word_1_182' title='bbox 1690 4717 1762 4808; x_wconf 90' lang='lat' dir='ltr'>in·</span> 
     </span>
     <span class='ocr_line' id='line_1_26' title="bbox 1508 4875 1758 4990; baseline -0.032 -15"><span class='ocrx_word' id='word_1_183' title='bbox 1508 4875 1758 4990; x_wconf 73' lang='lat' dir='ltr'>sudirunt3</span> 
     </span>
    </p>
   </div>
   <div class='ocr_carea' id='block_1_5' title="bbox 0 0 2202 5584">
    <p class='ocr_par' dir='ltr' id='par_1_5' title="bbox 0 0 2202 5584">
     <span class='ocr_line' id='line_1_27' title="bbox 0 0 2202 5584; baseline 0 0"><span class='ocrx_word' id='word_1_184' title='bbox 0 0 2202 5584; x_wconf 95' lang='lat' dir='ltr'> </span> 
     </span>
    </p>
   </div>
  </div>
 </body>
</html>
