4288 5584
293 2059 308 2083 *
345 2027 447 2129 UM
469 2031 715 2130 Famianuc
758 2032 929 2152 Strada,
965 2031 1123 2166 magni
1145 2033 1213 2131 vir
1249 2035 1447 2132 nominis
1489 2039 1539 2132 in
1575 2069 1623 2134 re
1646 2032 1751 2132 iite-

374 2239 504 2358 raria,
541 2239 702 2336 acriori
724 2236 858 2373 piane
891 2271 1034 2371 quam
1073 2261 1278 2372 parerat
1319 2243 1375 2339 C.
1403 2240 1625 2340 Tacitum
1649 2235 1752 2336 stilo

206 2447 546 2582 perstrinxcrit3
583 2490 668 2556 nec
702 2457 935 2592 ingratum
966 2451 1110 2552 Vobis
1168 2487 1300 2593 opus,
1337 2455 1625 2577 Academici,
1663 2491 1749 2554 nec

207 2665 267 2763 ab
290 2671 497 2802 ingenua
521 2673 783 2808 Juventutis
806 2669 963 2770 studiis
985 2667 1221 2788 alienum,'
1238 2633 1397 2769 ‘forsan
1421 2672 1676 2804 aggrediar,
1714 2667 1750 2768 fi

188 2885 593 3028 praeclarissimum
638 2887 765 2988 hunc
804 2884 1094 2988 Historicum
1116 2883 1174 2982 ab
1203 2886 1363 3031 iniqua
1389 2884 1576 2985 censura
1598 2885 1747 2984 vindi-

206 3138 307 3202 care
331 3135 498 3206 coner„
1651 3217 1656 3235 y

274 3327 329 3420 ln
351 3317 612 3452 Prolufione,
649 3349 752 3448 quaa
791 3309 976 3432 dicitur,
998 3305 1198 3443 secunda
1232 3303 1324 3404 hoc
1347 3301 1431 3404 srbi
1455 3300 1745 3403 tractandum

201 3529 413 3660 proponit
435 3523 623 3624 Strada:
664 3539 679 3586 ‘
717 3545 771 3621 ut
792 3545 1059 3658 corruptam
1082 3524 1305 3624 nimirum
1328 3517 1524 3657 politicis
1543 3555 1746 3654 praecep-a

200 3740 325 3857 ‘·tis,
362 3734 673 3865 fucatamquc,
695 3731 950 3828 adventitiis
997 3692 1226 3826 coloribus
1271 3727 1522 3826 Historiam
1569 3731 1626 3826 ab
1668 3767 1736 3850 ea,

198 3939 216 3989 ‘
251 3977 344 4078 qua
366 3939 554 4059 laborat,
590 3917 773 4035 invidia?
793 3929 985 4032 libaret!
1057 3929 1295 4068 Propofita
1329 3939 1585 4066 argumenti
1609 3935 1736 4035 sum-

196 4199 289 4282 ma,
327 4197 384 4260 ex
406 4133 841 4311 omnithorum
861 4135 1007 4252 ¹choro
1025 4153 1112 4252 uni
1135 4154 1306 4250 Tacito
1329 4151 1457 4252 litem
1502 4153 1728 4252 intendit:

192 4395 248 4472 ut
269 4367 558 4505 primarium,
594 4387 649 4460 ut
678 4367 884 4497 primum
906 4361 1118 4464 Historiae
1142 4372 1462 4502 corruptorem
1485 4367 1543 4468 ad
1568 4371 1729 4474 censu-

191 4624 292 4690 ram
332 4581 572 4720 desrgnat:
626 4605 810 4682 revocat
871 4577 929 4682 ad
975 4617 1170 4682 examen
1213 4582 1415 4716 rigidum
1461 4581 1631 4710 dicam,
1668 4627 1727 4690 an

188 4793 509 4909 malevolum?
544 4793 791 4930 omnesque
831 4829 989 4898 nervos
1021 4791 1259 4896 contendit
1297 4820 1352 4896 ut
1387 4797 1582 4918 evincat,
1641 4829 1725 4894 nec

785 5037 786 5045 ‘
889 5019 926 5112 B
1215 5091 1216 5096 a
1548 5008 1726 5118 bonum
