4288 5584
877 407 1298 602 ,(16)

353 735 358 748 ·
404 693 679 814 ·suddrunt;
716 684 832 792 adeb
855 683 909 790 ut
931 687 1145 790 saeculum
1167 689 1288 790 istud
1311 683 1412 790 verd
1436 690 1751 791 anatomicum
1789 689 1881 794 dici
1944 699 1951 708 ’

400 881 671 962 ‘mereatur
744 853 832 956 Sed
860 891 1022 953 eorum
1062 860 1266 978 nomina,
1303 886 1405 990 quae
1451 827 1588 952 vobis
1620 876 1796 989 patent,
1832 858 1881 953 in

427 1044 743 1158 promptuque
767 1013 871 1116 lunt
904 1016 1134 1138 omnibus,
1173 1018 1342 1116 invitus
1366 1014 1549 1114 omitto.

499 1345 664 1470 Qrou
695 1328 814 1431 fide
837 1331 1108 1467 quibusdam
1131 1331 1221 1434 five
1256 1332 1468 1470 personis,
1505 1321 1596 1428 five
1630 1327 1759 1429 sactis
1797 1352 1880 1430 aut

427 1499 558 1599 rebus
582 1491 803 1596 hodierni
824 1496 1047 1595 concione
1079 1493 1291 1595 celebrari
1322 1498 1488 1630 dignis,
1514 1489 1690 1628 parcius
1709 1493 1877 1618 dicam,

427 1629 597 1760 omissis
638 1631 796 1770 multis
836 1653 1052 1790 praeclaris
1082 1659 1271 1756 medicis
1306 1655 1489 1791 hujusce
1520 1652 1701 1786 collegii
1740 1691 1880 1754 orna-

428 1824 593 1922 mentis
627 1843 675 1917 et
709 1813 1081 1944 benefactoribus,
1118 1845 1173 1918 eo
1211 1820 1307 1918 aliis
1342 1841 1525 1916 tantum
1557 1811 1684 1952 quali
1730 1818 1880 1950 digito

398 1977 827 2100 ‘commonstratis3
866 1979 913 2074 id
939 1973 1011 2098 fit,
1049 1985 1158 2114 quia
1180 1985 1229 2079 in
1254 1979 1380 2081 tantis
1404 1978 1537 2114 copib
1573 1999 1659 2078 ne'c
1695 2001 1878 2112 tempus

427 2183 512 2248 nec
538 2148 650 2243 vires
682 2138 811 2238 nobis
835 2135 1091 2271 suppetant,
1130 2165 1183 2241 ut
1205 2149 1362 2246 omnia
1385 2142 1758 2279 complectamur.

493 2471 684 2564 luens
709 2481 923 2595 patronos
953 2489 1108 2564 autem
1141 2465 1314 2565 nostros
1363 2464 1506 2564 nolim
1543 2459 1724 2562 filentio
1760 2474 1873 2595 prae-

422 2630 553 2728 terire
593 2618 811 2720 illustrem
847 2629 1191 2726 Durnovnnrn
1234 2627 1569 2747 Marcbionem,
1606 2629 1755 2724 virum
1779 2659 1875 2722 non

421 2785 564 2923 magis
588 2783 811 2885 natalium
851 2786 1088 2924 splendore
1121 2825 1261 2922 quam
1298 2791 1557 2888 eruditione
1596 2813 1646 2888 et
1688 2791 1873 2923 ingenio

420 2952 638 3050 nobilem.
713 2953 829 3056 Non
860 2956 1006 3055 solum
1030 2957 1154 3052 enim
1178 2953 1453 3088 philologica
1476 2979 1523 3052 et
1561 2949 1873 3088 philosophica

419 3113 566 3214 studia
607 3119 872 3252 complexus
925 3115 1005 3234 est,
1059 3114 1133 3212 sed
1172 3113 1455 3250 Theologiae,
1496 3113 1871 3254 jurisprudentiae

418 3301 464 3372 et
496 3275 723 3405 postremb
758 3279 994 3379 medicinae
1034 3278 1347 3409 cognitionem
1399 3299 1495 3374 tam
1529 3274 1720 3377 feliciter
1755 3276 1871 3376 affe-

417 3457 550 3530 cutus
587 3433 667 3558 est,
704 3463 758 3534 ut
793 3473 849 3535 eo
873 3439 1061 3534 nomine
1092 3441 1141 3532 in
1166 3435 1389 3534 sociorum
1414 3435 1671 3536 nostrorum
1702 3473 1871 3536 nume-

414 3629 520 3692 rum
566 3593 794 3727 aptillimd
846 3617 1166 3731 cooptaretur3
1205 3631 1345 3730 quem
1383 3597 1609 3724 honorem
1653 3602 1695 3698 ei
1736 3596 1868 3733 aequd

413 3777 599 3889 gratum
623 3753 754 3856 fuisse
797 3797 853 3860 ac
891 3760 1049 3858 titulos
1091 3756 1118 3857 ὲ
1151 3765 1282 3890 Rege
1314 3759 1501 3860 collatos
1525 3759 1616 3895 ipse
1652 3757 1867 3896 profellus

411 3913 501 4013 est:
540 3951 625 4013 nec
650 3916 791 4016 verbis
825 3945 1007 4022 tantum
1045 3918 1263 4020 affectum
1287 3921 1418 4022 suum
1451 3955 1557 4054 erga
1584 3957 1683 4046 nos,
1721 3921 1794 4024 sed
1817 3961 1866 4024 re

412 4075 745 4209 comprobavit,
783 4087 859 4181 cui
917 4081 1132 4184 debemus
1180 4083 1517 4202 bibliothecam,
1555 4121 1697 4220 quam
1751 4124 1863 4190 cone·

411 4233 639 4369 quillerat,
677 4243 916 4344 rarioribus
940 4243 1062 4344 libris
1088 4243 1369 4346 instructam.

477 4563 569 4656 Ur
635 4565 756 4664 inter
820 4571 1038 4692 medicos,
1076 4575 1157 4708 qui
1216 4577 1493 4675 anatomiam
1541 4575 1858 4707 excoluerunt,

405 4725 680 4847 ursinus,
717 4730 781 4827 ita
812 4733 932 4836 inter
971 4733 1186 4837 clinicam
1219 4759 1361 4839 artem
1402 4765 1653 4841 exercentes
1687 4749 1861 4844 eminet

1526 4907 1867 5015 Srununanus,
