4288 5584
955 349 977 476 l
1014 381 1072 448 11
1109 357 1126 485 l

257 527 371 618 nandi
396 527 589 614 inhonesta
611 526 897 612 ministeriaillis
913 525 1108 614 defeoenda
1125 529 1220 616 sunt.
1277 533 1332 614 At
1368 535 1460 616 verd'
1486 534 1512 616 sr
1546 535 1628 618 Diis
1649 530 1796 649 publice

252 679 364 773 atque
380 656 930 769 intemperantdtcouviciando,
958 659 1005 739 a'd
1030 658 1186 742 effoetm
1222 658 1385 770 imperiti
1415 663 1794 772 vulgiprnvocando,

256 814 333 873 non
372 785 491 872 sobrie
535 807 573 871 et
605 785 771 898 legitime
818 789 917 872 lutet¹
954 787 1221 900 discipulorum
1260 797 1490 872 conventum
1526 812 1789 899 argumentan-

258 919 323 1020 do,
352 915 427 1000 uon
459 921 497 1000 in
528 919 666 1001 ratione
683 911 795 1026 at'que
805 909 950 1026 ju‘di'ciis'
976 917 1161 1017 herendo,
1192 943 1367 1029 magnam
1395 917 1494 1000 iliam
1521 918 1791 1044 philosophiam

255 1047 457 1135 inchoasset
485 1049 675 1143 Socrates}
704 1045 778 1130 hoc
808 1046 956 1176 prorsus
977 1037 1170 1130 fatendum
1201 1047 1267 1146 est,
1296 1072 1372 1127 non
1392 1045 1531 1128 sordida
1560 1049 1795 1131 excusatione

255 1174 515 1258 conservanda¹
536 1163 757 1274 reverentia,
801 1201 884 1302 qua
914 1174 1163 1300 opinionibus,
1197 1173 1391 1283 exemplis,
1421 1175 1575 1284 legione,
1594 1179 1790 1286 prasertim

255 1302 296 1384 in
315 1305 422 1411 rebus
439 1304 558 1402 sacris
590 1301 759 1402 debetur,
798 1291 972 1416 Anytum
1008 1321 1046 1388 et
1076 1303 1258 1392 Melitum
1290 1303 1524 1416 posterorum
1550 1306 1790 1418 indignationi
1933 1385 1936 1390 ,

254 1426 606 1520 occursuroafuiffe.
685 1476 689 1483 ·
1090 1481 1095 1486 -

309 1558 348 1638 Si
365 1585 428 1641 cur
417 1558 544 1640 forte
559 1557 677 1640 visum
697 1560 762 1661 est,
780 1559 827 1641 ad
844 1558 1122 1672 expendendam
1142 1558 1326 1652 scientiam
1341 1559 1559 1643 Ridiculum
1574 1587 1788 1644 accommo-

252 1684 382 1764 datum
397 1683 479 1783 effe,
508 1683 686 1792 bstessiget
704 1684 738 1765 se
756 1702 882 1766 rerum
895 1685 1070 1766 ordinem¹
1081 1687 1303 1794 perturbare,
1314 1705 1352 1766 et
1365 1687 1540 1768 Ridiculo
1557 1707 1672 1797 partes
1685 1688 1787 1768 dela·
1810 1689 1812 1694 ’

253 1829 386 1891 turum
399 1809 483 1910 esi'e,
495 1837 587 1922 quas
605 1811 757 1896 Rationi
770 1811 982 1894 demandati
995 1810 1113 1894 soluit
1131 1811 1289 1900 Natura.
1344 1813 1519 1898 Primis'm
1532 1817 1637 1896 enim
1654 1815 1786 1897 Ratio-

253 1941 311 2022 nis
352 1933 419 2042 est,
457 1941 713 2050 consequentia
747 1937 923 2042 notando,
965 1943 1200 2051 repugnantia
1234 1942 1407 2042 videndo,
1448 1945 1621 2054 ambigua
1657 1941 1783 2025 distin-

253 2063 402 2176 guendo
424 2066 519 2148 salsas
535 2089 619 2148 vera
642 2061 850 2150 secerneret
878 2066 1024 2149 Deinde
1037 2065 1200 2152 Ridiculi
1213 2071 1278 2170 est,
1299 2070 1479 2150 rationem
1501 2069 1680 2179 subsequi,
1709 2097 1785 2151 non

249 2185 495 2298 praecurrere,
535 2217 657 2302 neque
688 2193 727 2272 in
768 2187 1021 2301 cognoscendo
1054 2211 1092 2275 et
1122 2193 1319 2302 judicando
1344 2213 1437 2277 uttae
1472 2195 1661 2304 opiniones
1679 2219 1782 2296 vera,

249 2335 341 2402 uttae
360 2317 452 2402 fieta
478 2318 573 2415 sint;
596 2317 656 2400 sed
687 2347 853 2430 quatumw
872 2321 977 2404 causa
996 2321 1165 2406 Rationis
1196 2323 1395 2444 quaestione
1429 2325 1586 2434 cognita,
1609 2323 1784 2432 judicata,

251 2445 458 2556 improbata
474 2449 541 2550 esi,
553 2447 591 2528 in
611 2447 679 2530 illis
695 2450 954 2559 exprobrandis
969 2467 1008 2532 et
1020 2451 1290 2561 proscindendis
1307 2453 1482 2536 exerceri.
1537 2451 1785 2560 Contemptus

250 2574 365 2675 enirn,
403 2593 619 2660 ceterorum
650 2573 961 2679 affesiuuns'titu,
998 2579 1051 2660 est
1069 2580 1184 2660 animi
1201 2569 1396 2688 permotio,
1413 2582 1515 2662 nulla
1533 2579 1645 2690 perse
1668 2582 1781 2662 soler-

248 2698 300 2780 tis
322 2718 385 2781 aut
415 2703 608 2809 prudentii
641 2704 825 2784 instructa.
883 2705 1074 2820 Qicquid
1099 2709 1292 2808 metuitur,
1321 2736 1397 2788 non
1431 2707 1781 2816 idcircopericu10·

248 2824 334 2908 sum
360 2827 432 2922 est,
456 2853 579 2937 neque
594 2829 774 2936 quicquid
792 2830 944 2930 ridetur,
981 2831 1115 2912 idcirco
1130 2829 1266 2914 salsum
1305 2835 1370 2920 esi.
1427 2835 1515 2919 Nec
1546 2833 1713 2944 profecto
1740 2836 1780 2914 in

247 2949 410 3060 hujusce·
430 2953 562 3034 noslrae
592 2952 830 3033 humanitatis
848 2952 1011 3036 socordia
1038 2976 1150 3065 atque
1167 2956 1296 3040 inertia
1319 2957 1611 3044 vehementiores
1627 2959 1780 3042 affectus

248 3078 431 3160 dominari
449 3078 554 3188 jussit
586 3081 701 3182 Deus,
740 3079 874 3187 quibus
902 3081 1119 3180 &iuvemus
1149 3085 1196 3166 ad
1231 3082 1434 3188 sciendum,
1472 3087 1533 3171 sed
1551 3089 1686 3198 quibus
1703 3089 1778 3170 im·

247 3205 492 3316 pellamurad
510 3208 706 3318 agendum.
762 3209 863 3292 Cum
893 3209 1005 3320 igitur
1021 3213 1069 3296 ud
1093 3211 1324 3296 scientiarum
1348 3217 1577 3326 optimarum
1595 3217 1777 3328 cognitio-

247 3361 336 3418 nem
373 3338 524 3419 ratibnis
549 3338 748 3438 seueritate,
777 3365 853 3420 non
878 3341 1090 3424 affectuum
1114 3345 1319 3426 temeritate
1355 3343 1616 3442 informemur,
1644 3347 1777 3428 eadem
1939 3411 1941 3416 .

247 3447 495 3556 potiffimtltn,
519 3449 617 3532 unde
648 3465 785 3542 naturae
806 3449 943 3559 judicia
971 3452 1223 3562 explorantur,
1259 3452 1320 3536 vii
1355 3479 1538 3538 vanarum
1555 3456 1777 3567 opinionum

245 3596 461 3662 commenta
478 3577 735 3687 expugnanda,
757 3579 948 3684 diruenda,
979 3580 1193 3666 debellanda
1211 3583 1281 3666 effe
1293 3584 1476 3669 videntur.

306 3712 361 3788 At
397 3706 566 3818 profcsld
599 3733 645 3791 ne
675 3709 922 3794 inconstantia
951 3710 1107 3792 crimine
1133 3711 1313 3792 laboraret
1330 3711 1540 3813 comoedia,
1568 3730 1632 3792 aut
1656 3713 1776 3821 potius

158 3878 161 3884 ,
242 3829 326 3940 ipiae
345 3834 516 3933 Athene,
540 3834 689 3914 eruditis
712 3833 996 3942 quibusdam
960 3817 1047 3916 varis
1073 3813 1223 3944 placuit,
1252 3835 1443 3945 duplicem
1471 3837 1625 3920 extitisst
1649 3865 1773 3920 rerum

246 3959 455 4045 divinarum
473 3961 683 4056 scientiam,
702 3959 852 4044 alteram
872 3961 976 4072 philo
978 3961 1178 4073 sopitorum
1196 3963 1326 4074 vigiliis
1344 3963 1579 4065 elaboratam,
1596 3963 1758 4048 santam

246 4085 411 4195 religioni
443 4105 594 4196 aptams
646 4083 797 4168 alteram
835 4085 882 4168 de
919 4107 1114 4198 poetarum
1151 4089 1376 4200 supellectile
1407 4091 1654 4202 desumptam,
1703 4095 1772 4178 ob·

246 4214 428 4298 leuauoni
454 4231 606 4300 muns:
655 4241 703 4298 ex
734 4212 796 4298 itta
822 4214 994 4324 prodiisse
1021 4214 1178 4302 universi
1223 4217 1493 4324 fabricatorem,
1524 4249 1641 4332 quem
1670 4221 1774 4306 loco·

244 4343 463 4444 tumnulla,
494 4341 594 4427 nulla
618 4361 836 4452 temporum
867 4342 1157 4458 circumscriptio
1187 4365 1342 4449 educet,
1376 4349 1514 4458 Jovetn
1534 4353 1627 4460 Opt.
1645 4351 1774 4454 Max,

244 4501 293 4564 ex
311 4473 396 4572 hac,
435 4470 633 4570 scenicum,
665 4471 944 4574 moribundum,
981 4471 1154 4558 humanis
1182 4492 1221 4557 et
1250 4475 1383 4558 ossibus
1407 4495 1448 4560 et
1479 4475 1690 4564 libidinibus
1712 4484 1773 4564 in-

237 4599 390 4700 dutum,
421 4600 682 4709 stupratorem,
711 4617 824 4710 atque
853 4599 1063 4684 adulterum
1082 4603 1232 4712 Joverb.
1289 4601 1448 4686 Nollem
1475 4603 1562 4690 saud
1596 4606 1768 4722 istorum

242 4754 309 4836 qur
297 4726 521 4812 nobiscum
540 4727 700 4837 ejusdem
720 4723 958 4810 humanitatis
981 4729 1290 4812 communionem
1312 4729 1528 4835 sortiuntur,
1545 4753 1715 4818 tuentem
1733 4747 1772 4818 et
1888 4721 1895 4742 ’

243 4851 534 4966 intelligentiam,
554 4868 743 4962 utcunque
771 4851 811 4950 in
844 4851 1121 5061 rebusBdivinis
1147 4855 1334 4966 prostrate
1353 4875 1466 4972 atque
1480 4856 1628 4970 abja&
1642 4859 1769 5068 esergt.

1000 5005 1023 5065 2
1749 5014 1771 5072 c
