4288 5584
835 443 865 605 <
912 481 984 606 15
1035 445 1059 604 )

382 687 594 811 ¹aetate,
621 659 819 780 acerbo
843 657 986 810 faro,
1017 641 1175 826 ρέαὲ
1194 659 1428 784 dixerim
1453 661 1555 783 irn-

406 878 652 1000 maturo,
681 843 968 966 conceffitr
1013 841 1192 967 morbi
1218 878 1409 970 autern
1429 849 1553 982 diu·

407 1035 643 1157 turnitas
668 1031 795 1156 no'u
820 1032 1035 1154 animos
1064 1033 1283 1156 nostros
1304 1038 1380 1155 nd
1404 1037 1551 1201 pati-

407 1222 614 1345 entiam
640 1218 1024 1384 confirmavit3
1052 1221 1146 1347 'sed
1173 1225 1555 1392 desperatione

406 1408 657 1528 accendit
666 1406 1072 1574 egritudinem,
1081 1411 1439 1531 acerbitatem
1451 1447 1554 1532 ex-

408 1593 576 1714 acuit.
616 1597 750 1714 Nos
792 1592 1044 1715 fallacem
1080 1594 1231 1760 spem
1265 1628 1432 1762 atque
1458 1609 1549 1720 ca-

405 1783 611 1905 ducam
629 1781 922 1948 agitantes,
940 1787 1324 1951 bonorumque
1337 1787 1550 1905 nostro-

407 2015 535 2092 rum
574 1971 924 2092 stabilitatem
971 2017 1087 2094 non
1139 1976 1371 2095 decretis
1418 1973 1551 2125 Dei,

400 2208 521 2310 non
547 2160 865 2284 conditione
897 2162 1249 2283 mortalitatis
1276 2162 1549 2285 aestiman-

406 2378 511 2498 τες,
555 2349 875 2514 supremum
922 2347 1195 2472 defuncto
1241 2395 1447 2472 munus
1492 2379 1554 2472 et
1642 2511 1645 2520 y

406 2534 728 2660 luctuosum
747 2533 1109 2660 'instituimm.

492 2725 649 2891 Quin
688 2768 793 2844 nos
818 2725 853 2842 ὲ
880 2726 1135 2845 lamentis
1161 2758 1550 2847 convertamus

407 2911 480 3029 ad
505 2910 735 3031 unicum
762 2910 918 3060 illud,
962 2912 1115 3075 quod
1141 2909 1176 3032 ὲ
1204 2907 1380 3031 Sacris
1406 2911 1548 3031 Scri-

406 3099 586 3266 pturis
631 3099 878 3267 profluit,
922 3093 1206 3274 solatium:
1253 3147 1458 3270 magna
1485 3101 1549 3222 il·
1673 3093 1676 3100 ’

406 3288 511 3410 lius
529 3287 806 3456 promilsa,
850 3288 1085 3410 sacratas
1112 3287 1439 3440 sanclioneS‚
1470 3335 1546 3409 ae-

327 3479 328 3484 '
404 3508 560 3599 terna
585 3481 1027 3643 contemplemur
1057 3478 1299 3647 praemia.
1372 3482 1549 3652 Qod

408 3663 464 3782 in
511 3663 609 3784 tali
646 3664 769 3783 viro
809 3663 1026 3830 fragile,
1077 3669 1230 3830 quod
1272 3669 1548 3787 caducum

408 3849 537 4000 fuit,
581 3851 870 4016 sepulchro
911 3853 1005 4012 (de
1044 3897 1161 4016 quo
1200 3884 1388 3974 tamen
1427 3855 1548 3972 haec

408 4037 525 4202 ipsa
568 4028 880 4204 triumphos
905 4070 1040 4206 aget
1065 4039 1363 4205 aliquando
1384 4041 1550 4158 Mor·
1605 4197 1607 4204 y

408 4222 615 4385 raritas)
643 4224 930 4358 solenniter
956 4255 1123 4394 atque
1148 4225 1374 4348 honeste
1394 4271 1546 4348 corn·

1223 4443 1551 4538 mrttanrus:
