4288 5584
844 233 869 388 s
956 261 988 386 5
1080 227 1105 382 )

225 529 347 636 aliud
369 522 532 626 exinde
553 518 798 653 colligitur,
837 553 979 654 quam
1002 523 1128 656 quod
1162 517 1284 621 hisce
1314 523 1367 620 'iri
1405 519 1589 648 ostentis
1611 523 1727 624 nihil

225 751 365 854 divini
408 743 541 844 inesse
574 738 866 874 apparuerit?
922 735 1070 857 Nihil,
1107 775 1202 872 quo
1222 744 1401 844 Neroni
1426 743 1498 842 vel
1544 743 1724 876 imperii

223 959 381 1082 finem,
418 958 488 1057 vel
507 959 745 1078 scelerum,
765 957 850 1056 diis
881 955 1026 1056 visum
1045 955 1110 1054 est
1131 911 1378 1091 portendi?
1415 962 1600 1054 Etenim
1629 953 1726 1052 haec

223 1179 415 1277 deorum
432 1178 639 1275 securitas
662 1178 710 1272 in
727 1178 856 1276 irrito
877 1171 1192 1306 prodigiorum
1214 1195 1377 1270 eventu
1396 1171 1726 1272 tantummodo

222 1386 444 1508 versatur3
487 1424 571 1487 nec
593 1387 697 1505 alio,
737 1383 858 1482 salvo
891 1383 1035 1503 sensu,
1074 1376 1227 1481 referri
1256 1381 1413 1516 potest.
1484 1391 1593 1482 Hoc
1617 1421 1724 1518 ergo

222 1607 411 1708 demum
436 1599 691 1742 conficitur.
765 1599 927 1700 Irridet
949 1599 1025 1696 hic
1072 1623 1230 1732 argute
1259 1624 1354 1728 tarn
1384 1555 1478 1732 ipsa
1496 1623 1720 1733 portenta,

221 1851 363 1949 quarn
386 1849 550 1915 vanam
573 1848 736 1912 eorum
766 1813 1185 1945 interpretationem
1208 1813 1369 1908 ‘ctiam
1392 1825 1406 1858 ⁸
1432 1810 1540 1910 alibi
1564 1813 1733 1914 talium.

221 2044 522 2162 contemptor
559 2030 783 2149 Tacitus,
833 2024 1027 2126 deorum
1065 2027 1399 2160 providentiam
1452 2065 1511 2130 ne
1576 2039 1722 2168 tangit

221 2244 424 2374 quidem.
862 2207 866 2212 Ι

288 2466 358 2557 At
379 2455 511 2554 altius
534 2455 719 2556 tandem
737 2421 926 2590 insurgit
943 2457 1113 2576 strada,
1133 2480 1180 2556 et
1191 2455 1325 2590 plane
1333 2455 1435 2592 jam
1450 2487 1723 2608 paratragoe-

219 2668 347 2768 dians
390 2671 439 2764 in
475 2669 675 2800 questus,
712 2677 815 2794 iras,
853 2707 906 2768 ac
963 2676 1169 2772 convicia
1211 2671 1474 2777 effunditur.
1545 2686 1723 2784 Scilicet

219 2886 527 2990 Historiarum
550 2888 682 2987 initio
706 2889 913 3005 Tacitus,
950 2886 1051 3044 poll
1073 2836 1335 2988 enumerata
1357 2897 1477 2991 varia
1500 2931 1601 3030 qua
1624 2911 1727 3004 Ne.

218 3105 336 3199 ronis
356 3101 443 3197 sub
459 3099 687 3200 excessum
710 3105 971 3199 Romanam
990 3103 1161 3237 ubique
1177 3141 1321 3250 remp.
1346 3114 1569 3213 vexabant
1587 3121 1722 3245 mala,

218 3339 328 3405 cum
351 3315 515 3404 consta
536 3307 666 3428 luxu,
688 3313 889 3430 avaritia,
909 3309 1085 3433 fraude,
1109 3313 1288 3437 scelere,
1305 3319 1521 3453 sanguine
1537 3329 1725 3460 permis-

218 3543 439 3638 cerentur,
482 3517 590 3616 huic
635 3516 967 3650 luctuosrslirnae
1010 3559 1162 3625 rerum
1216 3531 1421 3662 imagini,
1462 3528 1722 3639 ⁵‘ditrum
1832 3581 1837 3598 ·

220 3721 532 3870 ‘improbum
568 3737 857 3865 impiumque
892 3736 1096 3867 adjungit
1113 3739 1144 3830 ε’
1182 3751 1195 3782 ⁶
1233 3754 1268 3802 “
1321 3745 1425 3835 Nec
1466 3749 1728 3876 unquams',

94 3985 103 3994 ·
219 3951 439 4063 dubitans,
480 3943 826 4042 “atrocioribus
850 3943 1011 4078 populi
1036 3921 1240 4045 Romani
1261 3946 1483 4070 cladibus,
1521 3956 1722 4089 magisve

221 4171 254 4223 ‘¹
280 4153 408 4292 justis
431 4152 606 4252 indiciis
630 4150 932 4287 approbatum
955 4152 1034 4274 est,
1071 4191 1165 4254 non
1187 4155 1273 4254 esse
1304 4194 1419 4258 curae
1442 4161 1535 4261 deis
1557 4163 1723 4269 securi·

217 4385 252 4494 .“
288 4363 429 4468 tatem
474 4360 687 4481 nostram,
723 4361 809 4462 esse
842 4366 1112 4467 ultionem.”
1187 4379 1284 4472 ‘0
1325 4377 1607 4508 perversam,’
1641 4387 1722 4516 (ita

176 4761 180 4768 ἡ
268 4641 578 4716 Ἀηηι1.κὶ.ιι.
632 4635 726 4714 Hrst.
745 4634 768 4713 i.
789 4659 849 4725 22,
875 4640 933 4719 86.
985 4642 1023 4720 ii.
1055 4668 1090 4735 r,
1111 4649 1173 4743 78,
1195 4668 1255 4746 91.
1308 4649 1738 4757 ir326,54,0tp2ffim,j.

217 4816 234 4898 ἐ
254 4815 374 4922 Strad²
397 4814 483 4918 ibid.
534 4815 654 4901 §Tac
674 4815 768 4896 Hist.
786 4816 811 4894 i.
834 4840 868 4916 3.

911 5019 955 5114 C
1598 5022 1724 5120 enirn
