4288 5584
813 165 1273 397 tur

211 557 236 598 ‘¹
284 562 318 616 “
361 581 458 648 non
510 543 707 662 fortuna,
754 573 849 638 non
910 534 1165 638 solitudines
1209 531 1517 668 protegebant,
1570 527 1711 660 quin'’

213 751 374 872 moesli,
412 776 638 884 paventes,
674 744 814 848 furori
850 781 991 880 quam
1024 744 1197 845 sanitati
1219 747 1464 879 propiores,
1502 739 1726 896 scelerum.

210 972 479 1078 conscientia
495 969 650 1100 agitati
663 961 984 1096 dilaceratique
999 975 1030 1026 “
1045 958 1140 1058 suas
1158 955 1242 1094 ipsr
1258 991 1419 1092 poenas
1427 944 1732 1068 faterenturl'j
1834 1025 1838 1032 .

214 1165 359 1260 Tanti
381 1183 475 1260 erat
495 1163 543 1256 in
564 1161 763 1292 imperiis
790 1185 836 1258 et
854 1156 1033 1284 flagitiis
1050 1159 1275 1257 emineres

286 1372 546 1506 Religiones
569 1376 733 1507 patrias
764 1369 864 1470 fieri
894 1376 969 1470 vix
992 1378 1144 1507 potuit
1167 1378 1280 1506 quin
1301 1376 1507 1492 Tacitus,
1545 1372 1727 1504 egregie

216 1588 425 1726 cordatus
443 1584 584 1684 homo
606 1610 653 1683 et
675 1587 808 1683 unice
830 1584 1013 1718 probus,
1048 1590 1146 1720 pari
1169 1608 1433 1718 contemptu
1458 1618 1512 1680 ac
1534 1579 1724 1679 detesta-

218 1811 340 1904 tione
364 1805 737 1939 prosequeretur;
778 1834 888 1896 curn
925 1797 1084 1898 viderit
1120 1800 1233 1898 nihil
1267 1803 1404 1901 saneti
1442 1804 1637 1904 deorum
1675 1807 1732 1900 in

126 2087 131 2095 .
221 2007 365 2125 cultu,
414 2004 531 2105 nihil
584 2006 726 2140 probi
778 2009 913 2102 moris
975 2011 1026 2102 in
1082 1960 1190 2104 vita
1217 2006 1448 2106 cultorum
1503 2015 1680 2110 retineri
1705 2053 1732 2131 3·

222 2215 295 2314 sed
335 2215 471 2338 sceda,
508 2217 582 2313 sed
619 2213 739 2335 ficta,
777 2216 852 2313 sed
892 2163 1050 2314 inania·
1081 2221 1268 2315 omniaz
1315 2222 1460 2316 cumb
1486 2231 1520 2284 “
1556 2225 1729 2354 quoties

222 2423 353 2560 sugas
388 2451 436 2524 et
474 2425 614 2524 caedes
640 2423 770 2558 juffit
805 2421 1063 2556 princeps‚”
1098 2419 1187 2522 five
1226 2458 1343 2520 uxor
1386 2420 1534 2521 suerat
1586 2423 1729 2522 occisa

226 2643 314 2746 sive
372 2673 531 2768 mater,
595 2653 730 2746 toties
795 2647 985 2744 indisios
1045 2648 1236 2744 deorum
1294 2647 1477 2778 templis·
1518 2648 1732 2769 honores,

224 2859 404 2960 decreta
424 2858 559 2976 dona,
584 2857 783 2994 decretas
823 2855 1180 3004 supplicationes,
1217 2859 1379 2986 gratias
1403 2854 1585 2991 publice
1615 2869 1731 2964 astas

225 3099 271 3176 et
294 3073 453 3172 viderit
475 3071 580 3208 ipse,
605 3096 651 3167 et
671 3067 1037 3200 indignabundus
1060 3074 1345 3168 enarraverit.
1417 3077 1571 3202 Qrarn
1594 3077 1739 3208 digne

227 3291 534 3408 nihilominus,
560 3285 701 3421 quam
719 3284 921 3418 religiose
944 3286 1002 3383 de
1025 3284 1225 3384 colendis
1239 3323 1350 3385 verae
1363 3292 1538 3423 pietatis
1555 3291 1732 3415 officiis,

229 3505 287 3606 de
326 3505 582 3622 exorando,
612 3500 671 3597 de
706 3496 932 3632 placando
976 3499 1131 3597 divino
1174 3507 1365 3602 nurnine
1417 3506 1608 3629 senserit,
1645 3516 1739 3647 ipse

231 3710 399 3812 alicubi
431 3708 686 3818 luculenter
725 3717 949 3840 exponit3
986 3732 999 3764 ⁶
1039 3733 1071 3779 “
1101 3753 1133 3813 a
1155 3719 1288 3836 diis,”
1312 3721 1536 3842 diditans,
1577 3740 1610 3790 “
1645 3722 1742 3828 non

237 3965 281 4014 “-
304 3943 387 4046 nifi
400 3939 814 4080 justassupplicuns
839 3976 992 4075 preces
1016 3941 1208 4040 audiri.”

305 4375 420 4468 Haec
443 4366 570 4487 sunt,
598 4367 883 4488 Academici,
922 4405 1035 4505 quae,
1074 4398 1400 4508 contraquam
1428 4380 1583 4510 Strada
1605 4378 1742 4480 statu-

236 4580 337 4695 erit,
373 4579 432 4674 ad
477 4580 852 4678 vindicandunra
891 4577 999 4679 falso
1023 4587 1272 4719 Impietatis
1309 4596 1498 4692 crimine
1521 4603 1743 4698 Tacitum

239 4791 377 4892 habui
399 4797 607 4936 dicenda.
676 4804 793 4930 Qus·
834 4801 939 4898 ideo
979 4801 1120 4934 paulo
1173 4801 1311 4956 susrus
1357 4806 1556 4907 disserere
1595 4761 1745 4930 libuit,

289 5081 302 5114 ⁸
328 5067 420 5144 Tac.
444 5070 576 5146 Annal.
592 5071 640 5146 vi.
657 5069 689 5145 6.
719 5071 763 5144 de
781 5071 949 5160 Tiberim
979 5073 1123 5150 videsis
1149 5099 1232 5176 quae
1249 5077 1293 5150 de
1310 5080 1453 5156 Nerone
1468 5083 1566 5156 Ann.
1595 5031 1667 5154 xis.
1691 5103 1748 5157 ro.

191 5307 196 5320 ,
241 5214 256 5257 ⁵
280 5217 411 5291 Annas.
430 5216 580 5313 xin64.
631 5221 708 5306 fln
726 5241 813 5300 orat.
837 5225 880 5301 C.
898 5221 1017 5328 Cestii,
1046 5225 1176 5302 Annas.
1196 5229 1244 5302 iii.
1266 5225 1325 5322 36.

1646 5334 1753 5464 quia
