4288 5584
250 485 1641 534 maa-nm

250 861 1497 1060 ‘ORATIO‘

113 1251 1657 1468 'HARVEIA'Nn

330 1747 379 1841 N
413 1738 655 1840 illustrium
688 1744 890 1840 virorum
912 1739 1121 1840 laudibus
1148 1747 1394 1873 quotannis
1427 1744 1660 1844 celebran-

249 1744 316 2014 Ι
341 1904 410 2001 dis
434 1899 606 2000 necesse
628 1898 708 2021 est,
736 1926 788 2000 ut
800 1905 952 2002 omnis
974 1897 1157 2000 dicendi
1180 1907 1368 2000 materia
1394 1905 1540 2038 (quod
1563 1943 1658 2003 non

251 2071 427 2202 primus
443 2069 626 2189 moneo)
637 2061 696 2158 ab
713 2064 782 2181 iis,
799 2066 881 2196 qui
898 2061 1227 2183 antecesserint,
1241 2089 1557 2198 praeoccupata
1575 2063 1661 2188 fit}

246 2263 337 2328 uec
361 2226 419 2323 dc
452 2225 584 2322 rebus
602 2225 741 2322 etiarn
763 2223 1024 2346 luculentis,
1061 2259 1164 2356 quae
1186 2224 1299 2356 saepe
1322 2233 1518 2321 tractata*
1541 2223 1661 2344 sunt,

253 2383 385 2484 facile
408 2381 472 2481 est
504 2383 679 2518 aliquid
703 2379 863 2481 afferre
897 2388 947 2481 in
971 2384 1194 2503 medium,
1232 2385 1359 2516 quod
1378 2421 1517 2482 nemo
1539 2385 1663 2519 pribs

254 2543 546 2677 usurpaverit.
619 2546 794 2640 Omnia
816 2547 941 2644 enim
956 2545 1058 2679 jam
1094 2543 1313 2676 vulgata3
1363 2543 1545 2641 vetustis
1580 2583 1664 2642 au-

255 2727 352 2800 tem
376 2703 628 2799 novitatem
650 2699 773 2819 dare,
799 2715 898 2800 rara
926 2729 974 2800 et
998 2737 1333 2840 perpaucorum
1359 2703 1424 2800 est
1447 2702 1661 2826 felicitas3

257 2900 344 2962 nec
365 2863 556 2964 cuilibet
580 2857 646 2958 fas
670 2859 753 2985 est,
779 2886 834 2960 ut

332 3181 451 3277 Avia
473 3176 708 3278 Pieridum
733 3199 942 3311 peragret
958 3175 1062 3276 loca
1086 3175 1257 3276 nullius
1283 3169 1394 3276 'ante

286 3389 289 3396 v
330 3339 465 3434 Trita
488 3333 596 3432 solo.
1043 3331 1044 3334 ‘

332 3657 641 3748 Surruuraa
667 3675 821 3750 tamen
843 3690 896 3749 ac
921 3653 994 3784 pie
1017 3687 1194 3767 eorum,
1221 3649 1387 3780 quide
1411 3647 1560 3781 patrii
1592 3651 1669 3748 sual

265 3809 337 3909 vel
361 3812 419 3907 de
443 3845 606 3942 genere
624 3809 830 3907 humano
852 3809 1030 3944 egregie
1064 3835 1345 3932 meruerunt,
1382 3797 1587 3906 instituta
1608 3811 1672 3907 est
1772 3937 1779 3946 ι

262 3974 454 4104 repetita
488 3973 867 4067 commemoratio
884 4008 900 4088 ;
950 4006 1060 4068 cum
1100 3970 1216 4069 nihil
1254 3965 1396 4104 magis
1434 3973 1560 4092 alios,
1617 4001 1672 4073 ut

264 4133 458 4232 eandem
496 4129 555 4229 ad
585 4133 802 4228 virtutem
824 4128 1028 4228 insistant
1051 4133 1188 4252 viam,
1225 4155 1359 4229 acuat
1392 4157 1439 4229 et
1462 4133 1670 4267 instiget3

263 4289 378 4403 nibil
402 4295 565 4390 rationi
589 4292 732 4425 magis
755 4290 1108 4397 consentaneum
1124 4293 1194 4420 fit,
1220 4319 1363 4430 quam
1387 4297 1439 4392 iis
1462 4299 1543 4428 qui
1568 4293 1673 4430 pos·

265 4435 367 4551 teris
386 4453 721 4573 benefecerunt,
742 4457 933 4586 gratiam
957 4481 1004 4553 et
1027 4454 1250 4568 honorem
1276 4461 1324 4558 in
1360 4491 1498 4558 omne
1525 4493 1673 4556 aevum

268 4609 447 4713 referre.
1034 4645 1035 4650 ‘

962 4861 999 4951 B
1417 4860 1670 4952 clamne
