4288 5584
854 245 1179 444 1233)

194 639 198 646 .
309 545 414 644 Nec
454 557 611 666 tamen
636 525 730 630 hoc
753 529 1027 660 tribuentes
1054 528 1314 656 dederimus
1350 563 1536 662 quoque
1582 555 1758 654 cetera,

304 725 476 833 nempe
499 727 657 830 omnes
681 690 741 790 ad
763 692 964 794 eundem
998 693 1048 789 in
1073 688 1270 822 collegio
1308 678 1462 814 nostru
1483 689 1656 816 statum
1686 697 1758 792 in.

307 848 652 992 discriminatim
673 855 856 956 admitti
880 852 1076 982 debere3
1114 853 1255 989 cujus·
1267 857 1332 950 rei
1351 853 1497 986 gratid
1520 891 1629 976 cum
1652 889 1755 990 gra.

306 1057 382 1118 ves
426 1023 471 1116 ei
510 1019 694 1114 intentae
730 1014 918 1142 fuerunt
959 1015 1077 1131 lites,
1102 1055 1109 1066 ·
1138 1039 1185 1132 et
1246 1015 1398 1118 adhuc
1445 1018 1771 1152 impendeant*

307 1184 479 1346 dicam,
515 1201 569 1276 ut
592 1171 753 1298 sentio,
784 1173 879 1276 fine
903 1163 1107 1312 partium
1126 1173 1294 1308 studio.
1446 1219 1487 1302 g
1620 1215 1623 1224 Α

1631 1459 1636 1466 .
1730 1411 1743 1464 )

375 1505 568 1595 V1sun
604 1490 668 1592 est
697 1490 1072 1628 legumlatoribus
1116 1495 1370 1614 decernere,
1398 1505 1619 1598 Lmacno
1651 1489 1760 1592 lior-

306 1687 468 1784 tatore5
497 1681 560 1756 ut
587 1653 644 1754 fit
677 1656 968 1769 Medicorum
1006 1656 1290 1789 Collegium·
1314 1683 1361 1756 et
1386 1655 1539 1784 selecti
1561 1658 1756 1794 judices,

306 1828 388 1960 qui
408 1841 633 1936 caverent,
653 1851 712 1914 ne
735 1823 836 1954 quis
866 1821 1075 1920 indodius
1099 1843 1153 1948 et
1180 1816 1392 1916 inhabilis
1413 1819 1473 1916 ad
1494 1817 1763 1942 facultatem

306 1985 545 2122 medicina
593 1981 853 2080 exercende
899 1983 1232 2110 admitteretur,
1267 1977 1340 2074 'ne
1388 1983 1489 2111 quis
1535 1997 1670 2114 aptus
1697 2003 1762 2108 ¹et

305 2147 499 2246 idoneus
542 2139 893 2258 excluderetur3
933 2145 1015 2276 qui
1043 2139 1080 2239 si
1109 2139 1435 2242 examinandos
1458 2136 1664 2239 severiori
1687 2146 1761 2238 in-

289 2391 297 2444 ·.
307 2305 541 2442 quisrtioni
572 2303 857 2438 subjecerint,
893 2301 1034 2401 modd
1057 2297 1141 2434 fiat
1172 2333 1283 2397 cum
1308 2298 1575 2414 candoreet
1597 2304 1760 2402 libera·
1809 2291 1813 2296 ’

303 2469 451 2604 litate,
488 2495 535 2602 et
556 2504 655 2596 rem
674 2463 875 2566 maximi:
893 2463 1138 2600 *salutarem
1161 2459 1367 2598 iecerint,
1406 2489 1452 2564 et
1476 2501 1645 2568 munus
1677 2461 1759 2593 fibi

291 2597 639 2766 demandatum
664 2623 858 2724 fidelitdr
889 2626 1193 2760 impleverint.
1300 2665 1304 2672 ⁴

377 2951 540 3077 Qum
573 2979 680 3041 vero
721 2946 891 3078 aequius
931 2942 1012 3068 est,
1050 2943 1190 3082 quim
1233 2966 1286 3042 ut
1323 2940 1405 3040 ista
1437 2943 1762 3072 authoritaset

307 3106 533 3208 sociorum
560 3104 667 3239 jura
699 3098 789 3204 fint
823 3143 960 3242 penes
1001 3147 1093 3232 eos,
1130 3112 1212 3243 qui
1240 3109 1299 3218 in
1328 3101 1484 3202 nostris
1519 3103 1761 3202 academiis

305 3268 521 3371 innutriti
544 3265 767 3398 ¹summos
812 3269 861 3364 in
907 3261 1136 3370 medicinal
1177 3269 1371 3370 lionores
1413 3257 1760 3401 adeptitesunt?

306 3427 528 3566 primirm,
547 3424 827 3562 quianullae
856 3411 1066 3564 unquam
1091 3437 1292 3558 civitatee
1321 3429 1481 3566 majori
1503 3427 1763 3552 celebritate

305 3594 593 3722 optimorum
632 3587 932 3692 medicorum¹
963 3587 1199 3716 floruere3
1239 3590 1406 3690 deinde
1462 3595 1569 3722 quia
1632 3592 1761 3686 cinni

291 3745 482 3882 ¹populo
520 3741 667 3862 licuit,
705 3747 972 3880 semperque
995 3752 1166 3872 licebit,
1194 3787 1346 3850 renum
1383 3748 1760 3848 administranda-

305 3943 425 4008 rum·
443 3939 602 4006 curam
644 3904 731 4004 suis
753 3907 906 4040 potiris
938 3908 1081 4044 quim
1123 3913 1278 4010 alienis
1303 3909 1491 4008 tradere.
1566 3914 1660 4010 Hic
1698 3907 1762 4013 est

307 4065 599 4205 personarum
640 4090 738 4200 antw
760 4068 971 4172 locorum
998 4075 1236 4210 respedius,
1272 4108 1413 4206 quem
1446 4105 1579 4170 amor
1608 4077 1761 4206 patrie

306 4233 531 4366 permittit
547 4252 601 4325 et
635 4226 911 4328 cohonestat.
985 4235 1209 4372 Idemque
1242 4234 1403 4336 sortiirs
1437 4231 1762 4369 obtinetapud

298 4429 388 4508 nos
413 4394 464 4490 in
479 4391 582 4488 aliis
611 4373 914 4490 facultatibus.
988 4400 1197 4522 Nemini,
1222 4402 1429 4533 quamvis
1453 4402 1500 4496 in
1526 4397 1761 4531 disciplinal

296 4548 411 4700 juris
434 4552 572 4684 civilis
597 4549 912 4682 eruditillrm0‚
937 4557 984 4654 in
1010 4561 1144 4658 curiis
1165 4557 1480 4686 Ecclesiasticis
1497 4557 1631 4694 hujus
1654 4593 1759 4692 reg-

1007 4723 1059 4816 D
1503 4713 1515 4728 ’
1711 4721 1757 4818 ni
