4372 5594
912 593 1136 761 (19)

451 805 616 914 Gordia
638 941 641 944 Ι
661 801 892 923 machina
936 804 1213 942 vaseulirque
1252 805 1302 904 in
1337 803 1484 906 fluida
1523 808 1600 908 sua

450 955 630 1054 minore
678 946 725 1043 vi
779 947 1030 1042 contrafflr.
1105 945 1222 1043 Inde
1259 948 1524 1046 retinentur.
1551 952 1602 1046 in

450 1117 653 1224 corpore,
677 1120 780 1218 quae
801 1084 982 1182 excerni
1003 1081 1200 1204 debent3
1230 1100 1277 1180 et
1297 1085 1460 1184 eodem
1481 1093 1602 1186 tem-

450 1262 561 1367 pore
593 1225 739 1359 major
768 1219 824 1320 fit
857 1219 1011 1321 ¹moles
1041 1221 1285 1341 movenda,
1334 1227 1397 1322 vis
1431 1226 1601 1324 motrix

452 1372 620 1466 minor.
673 1361 897 1498 Αάεόςυε
929 1357 1065 1460 facila
1097 1363 1238 1460 cuivis
1271 1360 1370 1462 haec
1392 1387 1602 1465 contem·-

452 1507 598 1643 planti
631 1503 792 1638 liquet,
837 1535 979 1636 quarn
1009 1499 1185 1600 recena
1213 1498 1269 1598 fit
1298 1500 1382 1618 illi,
1420 1505 1502 1636 qui
1538 1501 1602 1602 ad

451 1645 603 1746 morbi
640 1641 827 1778 hujusce
856 1640 1139 1740 curationem
1169 1637 1212 1737 se
1242 1643 1458 1772 accingit,
1503 1666 1602 1740 tam

450 1783 611 1901 animi,
650 1815 795 1918 quam
831 1782 1031 1914 corporis
1060 1802 1474 1914 temperamentum
1503 1779 1600 1879 stu-

449 1923 574 2022 diost
593 1915 789 2040 intueri,
827 1953 915 2016 nec
935 1917 1002 2017 ita
1023 1919 1243 2053 perpetuu
1264 1921 1312 2020 in
1335 1919 1471 2020 verba
1493 1923 1601 2018 Maa-

449 2062 575 2194 gistri
597 2058 735 2156 uilius
762 2055 927 2192 jurare,
957 2081 1126 2156 utnon
1148 2057 1396 2193 aliquando
1418 2093 1446 2155 a
1468 2061 1601 2156 Mor-

448 2203 549 2297 toni
585 2196 800 2330 partibus,
836 2194 1128 2328 ¹Sydenhami
1164 2194 1417 2329 aliquando
1453 2221 1599 2295 trans·

451 2333 612 2470 fugiat.
662 2340 720 2432 In
741 2333 832 2432 hoc
847 2360 1003 2432 autern
1026 2334 1279 2434 miserrimo
1294 2369 1448 2434 rerum
1467 2333 1601 2453 statu,

449 2473 538 2576 nifi
560 2473 622 2574 ad
649 2479 855 2608 regimen
880 2473 1084 2595 calidius,
1121 2471 1208 2574 nifi
1243 2471 1304 2572 ad
1328 2471 1603 2591 Vesrcantia,

448 2639 672 2751 tanquam
703 2615 764 2713 ad
810 2613 983 2716 sacram
1030 2613 1298 2730 anchoram,
1344 2613 1598 2742 confugias,

448 2759 520 2850 riae
551 2777 605 2850 tu
633 2752 869 2851 medendo
891 2751 1055 2884 parum
1079 2750 1301 2884 proficier.
1355 2751 1466 2883 Qui
1499 2783 1604 2848 ma-

449 2892 519 3018 gis
556 2890 712 2982 mirari
747 2886 868 2980 soleo
901 2887 1135 2998 morbum,
1175 2903 1280 2980 tum
1313 2919 1394 3014 per
1427 2885 1470 2980 se
1500 2920 1603 3017 gra·

447 3056 573 3138 vem,
612 3025 716 3118 tum
755 3018 818 3116 ob
852 3017 1016 3116 subitas
1045 3015 1346 3118 affectionum
1385 3023 1519 3140 vices,
1558 3044 1604 3122 et

448 3162 613 3293 AE'grir,
636 3182 683 3255 et
703 3156 1013 3274 Medentibus,
1040 3155 1331 3256 vehementer
1351 3155 1402 3288 (fi
1424 3164 1526 3295 quis
1546 3196 1600 3260 a.

435 3299 552 3426 iius)
566 3293 928 3415 formidandum,
946 3294 1459 3397 Muliercular'umcura'r
1473 3297 1601 3400 haud

449 3438 552 3537 raro
571 3439 829 3536 committi:
842 3431 987 3569 Qrafi
1000 3435 1204 3568 proferto
1220 3438 1300 3538 tali
1320 3437 1507 3557 auxilio,
1520 3460 1602 3538 aut

448 3577 543 3679 istis
560 3575 879 3676 Defensoribus
893 3611 961 3673 res
976 3577 1055 3674 illa
1065 3577 1173 3676 ess‘et
1184 3576 1485 3711 expedienda,
1498 3613 1602 3711 que

446 3713 692 3852 conjunt‘ia
716 3713 1007 3814 Medicorum
1018 3713 1220 3831 confina,
1240 3711 1477 3852 totamque
1498 3749 1602 3816 ma-

449 3859 612 3953 teriem
630 3852 862 3953 medicam
882 3850 1014 3949 toties
1033 3848 1225 3950 eluserit.

523 3992 679 4092 Morbi
703 3989 883 4108 mentis,
908 3988 1133 4086 haetenus
1149 3993 1406 4103 memorati,
1437 3989 1602 4090 meriti>

447 4130 575 4260 'inter
591 4129 867 4230 acutissimos
885 4126 988 4226 sunt
1009 4123 1270 4225 recensendi
1282 4165 1298 4246 ;
1334 4125 1415 4226 sub
1436 4127 1601 4262 quibus

456 4272 524 4395 (ut
539 4300 648 4367 cum
677 4268 811 4367 Celso
842 4271 1017 4406 loquar)
1044 4291 1126 4370 aut
1159 4265 1318 4364 sanitas
1338 4269 1389 4365 in
1411 4268 1599 4402 propin-

273 4503 276 4508 .
450 4403 640 4560 quoest,
669 4429 750 4506 aut
769 4409 979 4510 exitium.
1017 4407 1222 4512 Tristitia
1242 4427 1398 4510 autem
1419 4407 1600 4506 lentio'ri
1749 4469 1753 4476 -

910 4549 958 4643 C
986 4579 1014 4650 2
1451 4543 1597 4684 paffu,
