4372 5594
1146 547 1343 718 (4)

663 767 827 900 panim
850 785 1018 898 quanta
1054 761 1109 861 fit
1148 765 1293 862 animi
1335 766 1479 863 viset
1519 767 1807 893 dominati03

662 942 772 1038 quas
806 903 1034 1000 accendat
1062 899 1238 1022 febres3
1287 927 1400 1032 quot
1428 904 1627 1038 denique
1657 911 1808 1010 modis

657 1046 751 1140 'hoc
776 1042 907 1140 suum
930 1041 1109 1138 turbare
1132 1039 1280 1173 possit,
1314 1073 1370 1137 ac
1392 1065 1632 1144 concutere
1654 1048 1807 1148 domi-

663 1181 823 1278 cilium
840 1179 1143 1280 tumultuosus
1159 1179 1321 1277 incola.

717 1393 823 1477 Nam
837 1397 1004 1506 quatitur
1023 1394 1179 1502 sanguis,
1212 1421 1300 1476 nam
1319 1393 1453 1476 viscera
1470 1399 1730 1506 persentiscunt

719 1524 885 1618 Omnia;
914 1522 1104 1630 postremi>
1118 1520 1227 1602 datur
1243 1521 1393 1622 offibus,
1426 1543 1538 1632 atque
1556 1530 1743 1632 medullis,

719 1653 803 1731 Sive
821 1651 988 1760 voluptas
1001 1647 1066 1752 est,
1095 1649 1168 1730 five
1182 1649 1234 1729 esi
1250 1648 1451 1730 contrarius
1464 1652 1584 1738 ardor.

662 1838 848 1973 Nempe
869 1835 917 1934 hi
942 1837 1044 1934 sunt
1060 1843 1213 1936 Duces
1239 1833 1391 1951 nostri,
1421 1859 1467 1932 et
1489 1838 1805 1970 Antefignani,

662 2011 789 2110 quos,
809 1975 963 2111 palmi
999 1975 1107 2075 licet
1135 2011 1231 2073 non
1263 1973 1532 2094 honestatos,
1563 1975 1807 2078 fatendum

661 2115 727 2214 est
750 2115 977 2232 omnibus,
1016 2138 1063 2211 et
1095 2113 1436 2248 predicandum
1454 2149 1548 2212 non
1571 2115 1808 2216 inhoneste

662 2254 971 2352 contendisse:
1013 2260 1072 2350 Et
1094 2252 1129 2350 si
1151 2284 1206 2349 ea
1237 2251 1346 2348 esset
1381 2250 1628 2386 disc'iplinae
1657 2257 1807 2354 medi-

662 2427 726 2490 cae
751 2391 973 2508 conditio,
1009 2415 1062 2490 ut
1082 2390 1178 2493 haec
1202 2386 1397 2523 perfetta
1431 2386 1531 2486 fieri
1563 2391 1704 2524 posset
1725 2393 1807 2490 sci·

660 2535 799 2645 entia,
823 2528 990 2627 horum
1013 2529 1136 2628 certe
1157 2528 1332 2660 opibus,
1357 2549 1495 2664 atque
1517 2526 1688 2626 auxilio
1705 2565 1807 2665 per-

661 2667 899 2767 fesiisfima
920 2666 1107 2767 dudtim
1125 2666 1290 2766 fuisset.

734 2806 875 2940 QJod
900 2801 934 2900 fi
957 2805 1038 2922 illi,
1075 2806 1238 2938 quibus
1261 2807 1402 2902 teneri
1432 2804 1807 2906 Adolescentium

661 2946 805 3040 animi
828 2941 1082 3057 traduntur,
1112 2941 1173 3039 ad
1193 2945 1405 3042 virtutem
1428 2949 1658 3076 praeceptis
1680 2944 1807 3043 insti-

506 3137 518 3144 ·
662 3079 857 3210 tutisque
892 3079 1146 3193 erudiendi,
1190 3079 1310 3173 varia
1350 3113 1594 3210 corporum
1630 3106 1806 3211 tempe-

662 3240 866 3315 ramenta
890 3219 1055 3314 intueri
1078 3215 1307 3332 debeant3
1345 3212 1381 3311 si
1405 3214 1549 3331 Plato,
1579 3214 1615 3312 fi
1639 3218 1807 3349 Pytha-

663 3391 807 3486 goras,
842 3355 1025 3489 aliique,
1061 3390 1154 3453 non
1196 3351 1443 3452 mediocres
1475 3356 1589 3470 Viri,
1629 3379 1804 3486 partem

662 3491 866 3626 aliqnam
890 3491 1135 3626 disciplinae
1158 3488 1243 3588 suae
1265 3492 1314 3585 in
1340 3495 1497 3589 Diaetae
1518 3494 1683 3621 regulis
1707 3495 1805 3590 col·-

662 3633 854 3729 locirint
866 3672 882 3752 3
919 3628 1047 3729 haud
1071 3629 1218 3762 dispar
1235 3626 1338 3728 sane
1359 3632 1473 3727 ratio
1489 3633 1646 3758 exigit,
1678 3655 1731 3728 ut
1751 3635 1799 3748 ii,

657 3770 826 3902 quibus
877 3767 1087 3880 officium
1131 3766 1196 3864 est
1240 3767 1421 3866 morbos
1465 3773 1663 3901 corporis
1706 3794 1804 3868 tam

655 3933 856 4006 avertere
877 3909 1064 4026 futuros,
1087 3941 1228 4039 quam
1250 3905 1477 4040 praesentes
1496 3906 1665 4024 tollere,
1688 3909 1803 4042 quid

662 4052 845 4147 animus
866 4049 1011 4148 faeere
1036 4046 1170 4180 posfit
1190 4080 1245 4142 ac
1275 4049 1382 4180 pati,
1419 4043 1576 4144 sedulb
1597 4070 1803 4146 contem-

662 4187 856 4319 plentur.
913 4185 1137 4300 Profecit,
1180 4180 1267 4281 nist
1300 4183 1430 4318 hujus
1470 4183 1625 4283 debita
1665 4183 1803 4282 habe·

662 4348 764 4422 atur
819 4323 949 4438 ratio,
1008 4325 1125 4457 perit
1176 4325 1451 4444 Anatomiae,
1510 4321 1803 4452 Chemiaeque

1655 4488 1804 4558 nntus
