4372 5594
579 732 678 850 fiat,
709 745 770 846 dr
798 521 1088 862 pecatiffimi(
1108 525 1316 828 fliminis
1349 728 1460 847 ritu,
1502 728 1624 830 intra
1656 731 1727 834 ai..

579 903 717 970 veum
729 866 860 968 suum
881 899 992 965 cum
1010 896 1138 1000 pace,
1158 886 1207 964 et
1227 897 1340 965 cum
1360 865 1586 1000 dignimoe
1600 867 1727 970 dela.

579 1011 726 1107 batur.
782 1011 863 1106 An
883 1003 1144 1108 Lucianum
1159 1005 1301 1133 igitur
1310 1006 1475 1106 merim
1484 1008 1726 1129 miramur,

579 1148 661 1284 qui
695 1142 974 1244 Hominibus
1007 1142 1214 1244 maxime
1241 1139 1453 1272 longaevis
1490 1149 1726 1280 Sapientia

580 1285 718 1384 Filios
761 1303 1066 1400 annumerat3
1122 1281 1236 1382 ciun
1278 1279 1548 1384 Plutarchus
1585 1286 1727 1389 etiam

579 1422 746 1522 multos
776 1442 1017 1536 memorat,
1053 1439 1101 1516 et
1130 1453 1205 1520 eor
1226 1415 1422 1551 quidem
1444 1454 1637 1550 magnos
1656 1446 1727 1522 at-

578 1594 670 1691 que
690 1555 863 1656 nobiles
884 1557 1030 1672 viros,
1065 1557 1161 1687 qui,
1182 1589 1271 1688 ope
1301 1553 1601 1687 Philomphiae
1623 1561 1726 1677 sue,

579 1702 722 1796 vitam
748 1728 804 1794 ac
828 1723 976 1792 mores
1005 1690 1254 1826 spumantis,
1287 1727 1347 1794 ex
1381 1692 1507 1792 malo
1526 1699 1727 1826 corporis

578 1833 756 1949 habitu,
793 1854 919 1930 etex
944 1833 1088 1951 tenui,
1122 1854 1203 1934 aut
1223 1828 1353 1932 nulli
1374 1831 1525 1966 potius
1555 1831 1727 1932 valetu-

579 1973 704 2089 dine,
738 1967 934 2108 spatium
970 1967 1055 2068 fibi
1084 1973 1185 2070 vite
1218 1969 1533 2103 lougiffimum
1568 2005 1727 2105 proro-

578 2111 766 2242 girint3
811 2141 927 2241 quor
965 2107 1134 2210 scilicet
1173 2143 1259 2210 nec
1293 2132 1443 2208 metus
1474 2109 1726 2208 convellere

580 2249 823 2382 potuerint,
853 2279 940 2346 nec
968 2243 1255 2378 egritudines
1283 2249 1490 2363 exedere,
1523 2281 1609 2350 nec
1630 2248 1726 2352 lan-

580 2384 733 2518 guidae
763 2385 1035 2522 liquefacere
1061 2385 1327 2522 voluptates.
1395 2386 1526 2518 Qrid
1550 2391 1728 2488 Demo-

580 2525 764 2640 critum,
798 2521 1215 2655 Parmenidemque
1263 2556 1550 2640 memorem3
1610 2522 1726 2654 quid

581 2662 821 2792 Gorgiam,
853 2693 910 2759 ac
933 2663 1247 2792 Protagoram,
1281 2662 1363 2794 qui
1384 2658 1494 2757 huic
1515 2657 1727 2792 pulcher·

578 2799 705 2897 rime
725 2799 826 2896 vitae
861 2795 1125 2932 supelleetili
1160 2796 1432 2912 debuerunt,
1469 2795 1598 2929 quud
1632 2830 1727 2894 non

580 2933 724 3034 modu
762 2957 938 3034 metam
982 2932 1219 3034 senectutis
1267 2957 1522 3030 extremam
1565 2937 1730 3068 attige-

580 3073 671 3168 rint
679 3113 696 3191 3
745 3070 836 3183 sed,
876 3070 1006 3206 quod
1045 3071 1189 3204 majus
1230 3068 1312 3185 est,
1367 3069 1497 3196 (crim
1533 3103 1628 3167 non
1672 3070 1728 3168 fit

580 3211 741 3323 vivere,
776 3203 852 3302 sed
875 3205 1036 3322 valere,
1065 3209 1171 3339 vita)
1216 3203 1447 3305 adfinem
1484 3205 1614 3337 longi
1652 3209 1727 3304 iti-

581 3347 697 3442 neris
734 3377 821 3440 nec
855 3342 984 3440 sraeii
1017 3343 1197 3463 viribus,
1243 3377 1330 3443 nec
1366 3343 1510 3443 mediis
1548 3347 1727 3444 viarum

580 3483 680 3582 laffi
701 3479 1012 3616 pervenerint?

652 3619 800 3752 Igitur
818 3619 879 3717 ab
900 3617 1064 3717 ultimi
1078 3620 1310 3736 vetustate,
1337 3639 1384 3716 et
1404 3617 1463 3718 ab
1484 3617 1587 3754 ipfis
1608 3619 1728 3718 aden

582 3782 685 3856 tum
708 3755 1021 3890 Philosophiae,
1057 3781 1159 3856 tum
1193 3757 1413 3858 medendi
1442 3760 1633 3856 scientie
1654 3761 1727 3855 in-

582 3895 835 4014 cunabulis,
875 3893 996 3995 hanc
1019 3895 1139 3995 illius
1164 3921 1339 4030 partem
1368 3895 1526 3996 heberi
1547 3895 1725 3995 solimm

580 4035 684 4153 effe,
718 4035 1037 4173 Principesque
1063 4039 1297 4170 Sapientiae
1320 4033 1585 4136 Prostffores
1613 4038 1727 4174 (Py-

580 4173 820 4304 thagoram
854 4176 977 4290 dieo,
1011 4198 1058 4270 et
1085 4173 1433 4307 Empedoclem,
1453 4185 1515 4272 'et
1548 4181 1727 4271 Demo-

582 4313 780 4446 critum)
819 4311 1102 4414 medicinam
1146 4314 1393 4414 exercuiffe
1431 4314 1722 4448 accepimus:

1562 4455 1727 4580 Neque
