4372 5594
21 543 32 586 ,
284 473 426 572 omnis
441 495 587 587 antem,
622 499 744 598 quam
770 499 813 568 ot
837 485 948 568 enine
980 498 1086 596 rogat
1120 497 1162 565 et
1189 475 1392 596 promittit,
1417 483 1572 568 ‘suiuus
1612 507 1702 565 cum
1728 481 1809 595 ipso

287 617 456 700 Hierone
479 607 649 700 deceffitt
680 617 862 729 siquidem
890 618 1066 718 Cumaei,
1102 617 1169 698 ilio
1199 619 1323 699 statim
1349 609 1545 721 defuneto,
1580 617 1743 726 ‘regrum
1767 635 1810 700 et
1873 719 1875 726 Α

286 745 478 856 antiquam
510 745 634 828 sedem
666 747 705 825 vi
734 763 1023 856 occupaverunt,
1058 764 1097 827 et
1129 748 1299 856 Tyranni
1329 731 1528 829 cumulum
1565 746 1807 856 diripuerunt.

286 878 382 958 Haec
410 875 651 973 Diodorus3‘
679 877 814 984 quiet
843 875 1057 958 Hieronem
1087 891 1285 959 mattarum
1319 872 1493 962 Heronio
1521 876 1619 988 apud
1652 875 1808 958 AEtttum

280 1002 492 1090 bonoribus
510 1003 691 1084 affectum
709 1002 814 1085 fuisse
832 1002 1002 1087 declarat.
1050 1079 1059 1092 ,

562 1207 811 1290 ΛΙΣΣΟΜΑῙ,
838 1195 963 1293 nien,
988 1200 1141 1311 Κρονίων,
1166 1198 1289 1311 ἅμερον

553 1317 679 1434 Ὀφρν,
696 1324 777 1404 κατ’
796 1319 915 1406 isaari
936 1321 1017 1406 Φέν-

561 1454 627 1556 νιξ,
647 1454 666 1533 ὅ
683 1453 865 1563 Τυρσανῖνν
888 1455 920 1534 τ’
934 1451 1127 1548 damnande
1151 1450 1230 1564 ἵχρ,

562 1580 777 1672 Νανσῖςνννν
797 1576 886 1690 ὅέρνν
904 1578 976 1664 idda

562 1708 640 1793 Taiv
654 1705 728 1822 πρδ
740 1706 876 1816 Κῦμννς.

769 1925 798 1990 Ε
813 1926 848 1992 Π
865 1927 908 1993 Ω
922 1927 956 1994 Δ
971 1927 1004 1996 O
1019 1925 1047 1996 Σ
1093 1930 1140 1995 Δ.

554 2055 643 2136 ‘Ozoa
661 2055 877 2165 Συρακοσίων
904 2058 966 2168 aip-

561 2170 619 2280 ’χρῗ
635 2172 862 2283 inmeditate
885 2173 1015 2272 midai,

558 2301 759 2417 'ssaundpuv
780 2302 852 2386 airrd
879 2304 974 2388 ναῶν·

551 2426 622 2523 ’Ός
640 2447 722 2537 σφιν
737 2433 767 2514 ἓν
781 2428 899 2540 induro
918 2417 1212 2528 Boiaed’iinntt'ua,
1734 2457 1809 2540 145

560 2555 711 2640 Ἑλλάδ’
731 2556 876 2664 ἒξὲλκονν
889 2561 1038 2671 βαρείας

559 2694 878 2790 Aeneiae-⁶·-

340 2836 428 2944 Jam
456 2834 546 2916 vend
564 2837 759 2939 attendite,
790 2837 1002 2937 Auditorea
1033 2851 1170 2946 quanta
1197 2833 1397 2936 venustate,
1424 2851 1565 2945 quanta
1593 2835 1741 2946 insuper
1773 2838 1814 2915 in

283 2961 561 3070 digreffionibus
586 2963 757 3046 facilitate
774 2965 822 3044 ad
835 2965 1001 3045 victorias
1028 2965 1207 3046 Hieronis
1229 2962 1459 3046 celebrandas
1474 2965 1670 3051 deferatur.
1708 2964 1814 3078 Qid

282 3096 384 3174 enim
412 3114 513 3174 tanta
538 3095 655 3174 animi
680 3095 882 3173 intentione
901 3097 1041 3198 Jovem
1070 3096 1244 3200 implorat
1255 3100 1275 3172 'i
1304 3097 1405 3198 quid,
1426 3098 1493 3174 nis1
1513 3118 1554 3178 ut
1572 3102 1718 3205 Regem
1746 3099 1813 3177 Ci-

284 3226 390 3306 vium
399 3224 486 3332 ‚paci
500 3221 755 3328 invigilantem
786 3219 885 3300 nulla
907 3236 970 3298 aut
990 3217 1352 3325 Carthaginiensium
1368 3238 1432 3302 aut
1446 3225 1735 3331 Tyrrhenorum
1753 3229 1813 3306 in-

282 3348 450 3461 terpellet
476 3347 673 3432 violentia?
703 3347 808 3458 quid,
838 3347 904 3427 nist
936 3367 980 3427 nt
1003 3346 1221 3456 asperrimos
1248 3345 1329 3429 illos
1353 3351 1465 3431 Siculi
1491 3353 1655 3432 nominis
1679 3353 1813 3457 hostes,

284 3481 460 3566 Hieronis
491 3482 665 3562 virtutem
685 3480 765 3587 jam
790 3479 870 3558 ntis
897 3495 1067 3587 expertos
1096 3480 1201 3560 domi
1230 3479 1415 3562 contineat
1438 3481 1705 3592 praeteritarum
1736 3484 1812 3566 cla-

285 3611 394 3692 dium
415 3609 650 3690 recordatio?
670 3609 797 3715 Hujus
816 3606 980 3688 victoria
1000 3606 1173 3687 meminit
1198 3607 1429 3692 Diodoma.d
1461 3609 1682 3721 Impetrdrat
1708 3613 1811 3693 enim

282 3771 304 3822 a
324 3737 686 3848 Carthaginiensibus
710 3738 856 3818 Xerxes
873 3755 914 3816 ut
946 3734 1074 3819 Siciliae
1097 3737 1272 3817 Ciuitates
1290 3734 1389 3816 bello
1413 3765 1528 3845 quam
1558 3737 1727 3818 citiffime*
1746 3766 1811 3848 ag·

286 3869 536 3976 graderentur,
562 3866 656 3945 dum
674 3864 748 3973 ipse
772 3864 968 3944 immensas
994 3865 1188 3944 Persarum
1213 3862 1337 3972 copias
1364 3863 1402 3940 in
1424 3863 1612 3944 Graeciam
1632 3866 1812 3946 duceret:

285 3992 398 4072 socios
415 4011 540 4072 autem
559 3990 641 4070 illos
664 3987 798 4069 Perfici
817 3988 988 4096 Tyranni
1003 3988 1048 4066 ad
1074 3989 1279 4070 Himeram
1305 4014 1326 4066 a
1346 3981 1500 4066 navibus
1519 3987 1687 4069 incendio
1706 3989 1811 4067 sum-

159 4157 164 4166 ·
284 4117 407 4198 movit
436 4115 549 4215 Gelo,
582 4134 619 4195 et
642 4116 680 4194 in
708 4136 845 4194 terram
870 4111 1124 4192 descendentes
1153 4115 1257 4221 paene*
1287 4111 1333 4189 ad
1355 4111 1646 4192 internecionem
1664 4111 1810 4194 cecidit.

285 4240 397 4320 Nihil
428 4241 583 4348 quidem
598 4239 637 4318 in
656 4237 726 4318 hac
743 4235 897 4316 victoria
916 4237 1129 4315 recensenda
1144 4236 1190 4314 de
1216 4235 1384 4315 Hierone
1402 4235 1571 4346 praedicat
1591 4238 1780 4318 Diodorus
1796 4277 1809 4333 5

282 4369 345 4448 illa
363 4397 448 4450 vero
462 4368 560 4477 apud
589 4369 743 4468 Cumas,
761 4391 878 4476 quam
898 4363 944 4442 de
959 4363 1170 4472 Tyrrhenis
1184 4365 1445 4475 praedatoribus
1462 4371 1662 4478 reportavit
1674 4369 1811 4451 Hieroe

285 4499 503 4608 neutiquam
522 4514 622 4576 tanta
647 4495 721 4575 fuit
740 4516 783 4576 ut
805 4512 884 4576 tam
904 4495 1108 4605 magnificis
1135 4497 1256 4578 Poetae
1275 4499 1387 4578 nostri
1402 4501 1590 4608 ptaeconiis
1605 4518 1810 4581 ornaretur.

223 4655 230 4670 ·
285 4630 413 4736 Itaque
439 4627 646 4706 Pindarum
666 4625 788 4724 credo,
809 4653 831 4704 a
851 4627 1024 4706 Cumana
1042 4625 1231 4728 exorsum,
1252 4629 1297 4710 ad
1317 4628 1582 4711 Himctensem
1602 4628 1810 4729 victoriam,

325 4827 336 4856 ‘
357 4821 427 4879 Hist.
445 4823 492 4883 li'n.
505 4843 513 4882 ι
525 4845 547 4882 ι.
562 4845 626 4904 pag.
637 4821 703 4902 276.
719 4833 746 4882 ct
764 4822 831 4880 281.
909 4822 921 4890 ‚⁴¹
942 4824 1013 4884 Hist.
1026 4824 1128 4885 tibnr.
1141 4843 1206 4905 pag.
1216 4844 1248 4904 ²5
1256 4846 1281 4902 3.
1362 4835 1372 4863 ‘
1394 4825 1479 4885 Diod.
1492 4825 1546 4886 Sic.
1558 4824 1605 4885 lib.
1617 4843 1625 4884 ν
1636 4844 1659 4883 1.
1670 4842 1734 4903 pag.
1744 4823 1811 4884 268,

1661 4917 1810 5004 Poettca
