4372 5594
5 148 25 835 j

866 531 1121 704 (as)-

401 745 466 844 vis
489 741 724 878 Papaveris
745 737 1011 842 demulcere
1033 743 1174 860 novit,
1204 740 1290 844 nisi
1311 746 1547 872 maxima;

397 919 482 997 nec
517 880 741 1004 remedia,
790 877 878 980 nifi
914 917 1016 1014 quae
1057 884 1279 983 acerrimi
1319 885 1549 1006 donantur

290 1081 296 1092 ·
397 1009 578 1142 virtute,
625 1043 708 1122 aut
751 1019 812 1118 ad
858 1017 1143 1154 dejecriones,
1193 1045 1275 1122 aut
1319 1027 1549 1128 vomitum

394 1161 584 1260 irritare.
654 1157 773 1258 Inda
813 1155 884 1274 fit,
931 1181 985 1258 ut
1028 1182 1210 1262 tantum
1252 1161 1547 1264 Medentibuc

397 1297 615 1398 facessere
652 1297 788 1397 soleat
818 1297 991 1427 negotii
1024 1320 1122 1398 atra
1158 1295 1256 1398 haec
1295 1298 1411 1418 bilis,
1460 1301 1547 1412 vis-

395 1437 573 1536 ceribus
616 1433 717 1536 tim
754 1435 1039 1570 pertinacitcr
1089 1434 1269 1558 infixe3
1326 1473 1421 1538 non
1464 1440 1545 1539 illa

394 1575 629 1676 mterdirm
673 1575 1035 1693 medicamentis,
1089 1611 1186 1674 non
1229 1578 1360 1676 omni
1400 1578 1542 1680 trium

394 1719 727 1850 Anticymrum
749 1714 962 1838 Elleborc
981 1714 1263 1850 expellenda.

460 1860 620 1990 Atque
652 1853 750 1954 haec
779 1853 837 1954 de
868 1853 1086 1953 Tristitia.
1135 1851 1334 1972 Invidia,
1369 1887 1541 1988 cogne-

390 2012 447 2092 tae
468 1990 537 2092 ilii
560 1989 926 2128 quodammodb,
959 2015 1097 2126 atque
1118 1995 1375 2124 congeneri,
1411 1993 1539 2122 (crim

390 2163 488 2230 non
527 2127 585 2228 srt
624 2129 807 2265 hujusce
834 2130 941 2247 loci,
980 2153 1062 2229 aut
1088 2132 1304 2263 temporis
1340 2127 1540 2262 finguioe

199 2327 201 2330 ·
389 2257 538 2366 animi
559 2264 745 2369 affestus
766 2270 1020 2394 circumire,
1040 2266 1130 2368 sed
1153 2271 1337 2368 tantirm
1358 2266 1540 2368 summa

388 2439 553 2543 cerum
582 2403 713 2542 quasr
753 2406 955 2508 delibare
984 2403 1197 2547 fastigia)
1230 2406 1315 2508 diri
1366 2408 1541 2508 immo-

387 2548 476 2644 rari
498 2544 880 2682 supervacaneum
903 2547 1000 2650 fore
1022 2547 1160 2648 duco.
1208 2544 1401 2650 Haecest
1418 2543 1537 2644 Hos·

387 2705 464 2816 pee
498 2681 713 2786 humani·
733 2689 924 2822 pesioris
958 2685 1285 2802 molestissima,
1331 2685 1428 2786 haec
1463 2685 1536 2782 in·

387 2819 550 2916 testina
583 2821 730 2952 pestis,
769 2858 873 2952 quae
905 2824 1138 2947 sanguine,
1173 2819 1536 2954 humoribusque

386 2951 547 3088 nostris
561 2955 748 3054 ,malum
769 2956 902 3052 suum
926 2952 1152 3050 immiscet
1172 2957 1291 3052 virus
1313 2991 1331 3076 ς
1365 2985 1468 3092 quae

551 3157 703 3240 Intactis
720 3175 826 3242 vorat
844 3156 980 3240 offibus
998 3155 1191 3260 medullas,

551 3288 605 3370 Et
631 3303 758 3370 totum
785 3284 879 3368 bibit
901 3285 1056 3396 artubus
1077 3309 1266 3372 cruorem.
1488 3323 1491 3332 ·

385 3487 539 3586 Etiam
581 3485 631 3582 in
676 3483 844 3586 tenelli
887 3455 1135 3586 Hominis¹¹
1149 3503 1292 3600 atate,
1337 3465 1533 3618 ipsisque
1735 3495 1738 3502 '

386 3622 505 3724 ade&
525 3619 814 3724 incunabulis
846 3624 1037 3751 (mirum
1063 3623 1142 3741 est,
1177 3621 1305 3755 quod
1330 3621 1533 3730 dicturus

387 3759 502 3880 sum,
544 3787 592 3862 at
628 3763 902 3895 experienti&
930 3761 1030 3858 satis
1061 3759 1390 3892 pervolgatum)
1424 3792 1532 3891 pro-

386 3897 506 3995 ‘dunt
542 3902 586 3999 se
632 3899 757 3999 haud
799 3895 988 3997 obscura
1031 3896 1240 4028 quaedam
1281 3891 1530 4038 Zelotypiae

387 4031 515 4165 signa
528 4076 545 4157 3
580 4036 646 4138 iti
681 4063 733 4138 ut
776 4033 1064 4136 Insantulum
1101 4030 1253 4130 videre
1294 4029 1428 4128 liceat
1472 4063 1530 4128 ex

315 4211 325 4241 ·
384 4173 477 4272 hoc
498 4172 680 4296 affectu,
711 4203 935 4311 tanquam
970 4169 1089 4288 tabe,
1128 4165 1376 4272 miserrimi
1399 4191 1529 4289 ⁸erte·

387 4315 535 4432 nuari
580 4347 634 4414 ac
669 4309 954 4450 languescere
966 4353 984 4440 3
1025 4347 1134 4434 non,
1175 4307 1261 4416 nifi
1293 4307 1531 4550 mvaflaintlffi-

1514 4479 1546 4546 0
