4288 5584
848 196 867 349 t
958 229 992 342 s
1083 186 1104 341 )

288 499 399 633 Jam
444 496 648 626 primum
686 526 790 589 vero
831 493 1055 589 Tacitum
1096 491 1338 624 impietatis
1382 525 1512 587 reum
1557 472 1752 624 postulat

218 703 390 823 Strada,
418 703 560 834 quod,
586 719 599 752 ⁸
623 715 637 763 ‘
661 703 918 799 narratione
941 713 1094 800 re‘rum
1119 701 1294 823 omiffa,
1332 703 1458 835 quasr
1481 703 1752 844 disceptator

224 915 394 1012 ‘sedet
440 918 621 1052 otiosus,
656 941 798 1056 atque
835 919 883 1012 in
929 941 1171 1048 utramque
1193 939 1369 1053 partem
1408 923 1566 1050 quaerit
1602 922 1750 1020 ambi·
1871 1068 1875 1074 Ι

222 1127 236 1177 ‘
272 1133 463 1267 gitque,’
528 1150 559 1196 “
598 1119 772 1286 Fatone
795 1132 1150 1232 resmortalium
1171 1161 1217 1230 et
1253 1133 1508 1234 necessrtate
1530 1140 1750 1236 immuta-

222 1349 254 1398 “
292 1339 388 1455 bili,
407 1375 464 1436 an
492 1338 608 1437 sorte
636 1339 920 1438 volvantur.”
962 1353 976 1402 ‘
1002 1341 1127 1472 Qud
1163 1341 1239 1439 illa
1257 1342 1304 1438 ?'
1346 1349 1527 1479 inquit:
1560 1366 1748 1482 ‘quan-

223 1555 236 1601 ‘
275 1565 376 1640 tum
396 1542 602 1677 religioni
639 1543 938 1641 conducunt?
965 1545 1143 1676 Qridve
1161 1548 1219 1646 de
1242 1563 1274 1610 “
1302 1549 1432 1649 insrta
1456 1554 1610 1652 multis
1645 1565 1747 1692 opi-

222 1773 253 1823 “
291 1762 460 1860 nione”
487 1761 789 1882 sentiendum,
832 1777 864 1826 “
888 1799 984 1860 non
1008 1765 1136 1860 initia
1159 1761 1315 1884 nostri,
1352 1803 1446 1867 non
1470 1764 1628 1891 finem,
1655 1809 1747 1870 non
1843 1839 1853 1862 .

223 1983 255 2030 “
278 1968 489 2102 ⁴denique
530 1968 738 2066 homines
783 1969 867 2067 diis
913 1972 1059 2068 curae''
1098 1973 1219 2072 else?
1257 1980 1426 2110 Qrid?
1484 1988 1745 2086 Enimvero,

218 2182 448 2298 Famiane,
488 2175 775 2280 sentiendum
811 2183 934 2281 idem
983 2187 1108 2319 quod
1138 2214 1185 2286 et
1228 2216 1280 2288 tu
1321 2202 1485 2328 partim
1526 2202 1744 2333 agnoscis,

216 2387 374 2521 etipse
398 2387 457 2485 de
482 2386 523 2484 se
548 2393 738 2487 Tacitus
762 2384 1007 2491 fateretur:
1047 2377 1195 2496 sedere
1218 2400 1364 2534 ¹quast
1404 2408 1747 2543 disceptatorem

112 2701 115 2708 Ι
216 2589 417 2720 quidem,
455 2615 501 2684 at
524 2627 672 2722 neque
690 2595 889 2724 impium
919 2633 1068 2729 neque
1091 2601 1301 2700 otiosum.
1374 2612 1652 2710 Memorarat
1675 2619 1748 2712 in-

218 2797 341 2932 signe
366 2797 598 2930 quoddam
623 2801 799 2895 Tiberii
816 2803 873 2896 de
888 2803 1035 2900 Galba
1058 2810 1346 2942 praesagium:
1374 2821 1494 2939 exin,
1516 2823 1748 2930 occasrone

216 3009 336 3127 data,
377 3005 434 3103 ad
471 3041 634 3104 vanam
658 3006 978 3108 Chaldaeorum
1018 3040 1179 3134 artem,
1218 3016 1447 3122 scientiam
1485 3025 1748 3156 futurorum
1850 3091 1855 3100 ·

216 3221 473 3357 professam,
528 3240 700 3348 quaet
736 3217 826 3350 ipse
867 3219 1080 3320 Tiberius
1125 3227 1330 3328 imbutus
1358 3263 1468 3358 erat,
1508 3241 1745 3349 delabitur.

216 3425 342 3518 Hinc
360 3421 509 3516 omnis
531 3418 608 3515 illa
626 3419 883 3554 disputandi
913 3435 1131 3530 materies.
1204 3438 1391 3576 Sirbjieit
1408 3450 1549 3570 enim,
1577 3456 1639 3513 Μ(
1664 3455 1749 3551 Sed

220 3648 252 3702 “
289 3631 405 3734 mihi
451 3633 562 3750 haec,
601 3671 653 3729 ac
694 3635 800 3730 talia
847 3641 1066 3761 audienti,
1106 3651 1154 3742 in
1191 3653 1371 3748 incerto
1395 3657 1625 3786 judicium
1667 3666 1746 3785 est,

220 3861 252 3913 κ
289 3841 443 3940 fatone
465 3879 534 3938 res
566 3843 849 3961 mortalium,
887 3868 932 3942 et
956 3847 1212 3949 necellitate
1235 3805 1530 3986 immutabili,
1555 3907 1610 3968 an
1631 3873 1748 3974 sorte

221 4077 252 4125 “
289 4053 554 4150 volvantur:
589 4057 766 4188 quippe
789 4056 1130 4191 sapientissimos
1173 4079 1640 4184 veterum—diversos
1675 4125 1746 4186 re-

188 4266 254 4386 ¹“
291 4255 480 4392 peries.’'
575 4238 758 4357 Diversa
818 4262 981 4366 deinde
1042 4271 1319 4414 diversorum
1367 4281 1746 4423 Philosophorum

218 4459 383 4593 placita
407 4459 597 4560 breviter
619 4500 894 4597 percurrens,
933 4483 1298 4618 necquidquam
1334 4494 1620 4628 interponens
1660 4505 1743 4628 sui,

269 4747 281 4775 ²
304 4735 418 4808 Strad.
435 4735 567 4815 Prolus.
587 4741 629 4815 ad
651 4765 733 4842 pag.
754 4769 812 4821 αι.
832 4773 875 4822 ex
890 4707 988 4831 Edit.
1006 4758 1124 4833 Oxou.
1150 4782 1256 4860 ¹745·
1310 4768 1323 4807 ⁸
1349 4769 1436 4846 Tac.
1457 4776 1588 4852 Annal.
1616 4779 1664 4854 vi.
1686 4805 1744 4858 22.

216 4922 261 4973 rx
288 4900 385 4974 Edit.
405 4899 555 4990 Ernesti,
580 4905 722 5006 Lipsrae.
756 4933 861 5008 1752.
1606 4875 1608 4880 v

1653 5121 1748 5186 rem
