4372 5594
1060 551 1279 718 (26)
1427 582 1429 591 '

599 797 700 860 mus
722 760 797 861 ille
822 761 1055 884 Sandonii,
1077 781 1117 860 .“
1138 759 1341 856 Vidioria
1365 755 1597 856 moderata
1626 756 1743 857 salu·

602 925 632 972 “
653 901 774 998 brior
797 921 938 1032 quam
962 896 1194 1032 gloriosa.”
1230 904 1378 994 Anno
1399 895 1581 1030 hujusce
1606 897 1740 996 seculi

598 1033 830 1136 Vicesrmo
864 1043 943 1167 (exe
956 1036 1212 1134 Annalium
1236 1033 1341 1131 sane
1363 1034 1619 1134 nostrorum
1638 1069 1746 1134 mo·-

596 1179 826 1292 nimentis,
889 1173 925 1272 sr
977 1171 1077 1272 fieri
1122 1173 1280 1306 pollet,
1321 1172 1542 1298 eruendo)
1592 1175 1741 1306 plures

597 1303 751 1414 mente
778 1337 935 1446 captos
963 1312 1092 1412 fuiffe
1125 1313 1358 1410 memoria
1396 1311 1632 1443 proditum
1661 1313 1740 1428 est,

597 1457 646 1550 in
669 1485 781 1586 quos
806 1451 1023 1583 prodigus
1056 1456 1267 1548 Fortunae
1290 1445 1418 1547 favor
1447 1449 1743 1582 amplissimas

596 1623 703 1726 opes
736 1586 1024 1723 profuderat3
1073 1620 1214 1719 quom
1260 1619 1373 1716 quoa
1404 1589 1566 1719 iniqua
1612 1588 1742 1686 bonis

596 1727 825 1842 omnibus,
878 1749 926 1824 et
968 1728 1100 1824 omni
1154 1726 1432 1859 patrimonio
1474 1727 1739 1823 nudaverat.

598 1870 707 1962 Non
741 1864 903 1963 desunt
938 1865 1200 1962 Hominum
1234 1862 1459 1994 exempla,
1493 1895 1607 1996 quos
1637 1898 1742 1962 mo·
1789 1891 1793 1896 ’

598 2027 758 2102 mento
820 2004 1036 2137 temporis
1103 2001 1436 2136 pessundederit
1500 2001 1741 2102 vehemens

595 2141 815 2240 exultatio
827 2179 844 2262 3
892 2137 1068 2240 Animd
1097 2137 1226 2273 quasi
1268 2135 1520 2258 interclusi,
1553 2165 1601 2238 et
1645 2145 1740 2240 vim

596 2282 755 2414 magni
792 2281 943 2378 motin
972 2313 1066 2378 non
1091 2280 1346 2378 sustinente.
1397 2275 1597 2416 Idedqne
1619 2278 1741 2378 hanc

595 2417 693 2516 asiis
713 2417 977 2549 Apoplexiae
993 2414 1328 2517 -causrsmerito
1340 2417 1442 2550 jure
1468 2436 1743 2518 annumerat
1902 2443 1905 2450 ’

565 2563 812 2672 ,Aretaew
874 2554 1117 2706 Παςέλυσέ
1158 2601 1256 2674 κοτε
1297 2557 1481 2704 >guiguo
1518 2554 1743 2690 assona,

594 2710 670 2826 aas
696 2707 847 2864 μέγα,
882 2711 960 2826 καὶ
985 2711 1137 2851 γέλως
1158 2709 1359 2850 aaaron
1386 2706 1526 2861 μέχρι
1555 2705 1744 2827 lusoir&

596 2867 671 2959 De
709 2861 899 2960 Rhodio
932 2864 1136 2990 Diagora
1179 2857 1402 2957 celebrata
1435 2859 1620 2957 historia
1657 2859 1741 2959 est.

597 3005 638 3096 la
660 3024 744 3096 tres
767 2997 884 3098 filios
909 2998 1007 3096 suos
1034 3009 1195 3136 (unum
1221 2993 1444 3128 pugilem,
1471 2994 1741 3097 ludlatorem

461 3219 465 3226 .
596 3138 804 3251 alterum,
839 3137 1024 3233 tertium
1056 3132 1396 3266 pancratiasten)
1432 3132 1545 3228 vidit
1582 3166 1740 3231 ornnes

597 3279 789 3387 vincere,
829 3274 1125 3404 coronarique
1158 3271 1325 3368 eodem
1367 3269 1597 3403 Olympiae
1630 3272 1738 3370 die:

598 3410 814 3546 Cirmque
843 3438 953 3508 eum
984 3407 1300 3508 Adulescentes
1334 3407 1738 3541 amplestebantur,

597 3553 771 3644 coronis
795 3551 845 3646 in
873 3571 1011 3680 caput
1043 3550 1182 3644 Patris
1206 3541 1387 3682 positis3
1420 3547 1622 3680 eumque
1646 3551 1736 3644 Po-

597 3685 731 3820 polus
760 3683 1116 3819 gratulabundus
1144 3683 1277 3784 flores
1311 3682 1517 3820 undique
1548 3687 1598 3784 in
1626 3720 1737 3786 eum

542 3919 546 3924 .
587 3823 792 3958 jaceret3
829 3821 894 3921 ibi
908 3819 983 3921 ille
1005 3826 1055 3923 in
1080 3823 1241 3941 stadio,
1264 3822 1413 3958 copia,
1436 3845 1571 3959 atque
1588 3822 1737 3942 turba,

595 3986 643 4059 et
674 3959 803 4099 quasi
837 3964 969 4061 ruini
1009 3964 1252 4062 incidentis
1290 3961 1448 4094 gaudii
1494 3964 1737 4098 oppressus,

592 4105 736 4198 vitam
752 4097 934 4200 efflavit.
972 4103 1098 4234 Quid
1114 4099 1426 4234 de'Sophoclis
1447 4123 1592 4198 morte
1604 4098 1738 4233 plura

595 4271 866 4357 memorem,
895 4261 976 4339 aut
1004 4227 1214 4372 Dionysii
1248 4235 1406 4336 Siciliae
1428 4241 1650 4374 Tyranni,
1681 4274 1738 4337 u-

594 4377 791 4512 triusque
845 4381 897 4477 in
939 4377 1184 4478 Poe'tarum
1235 4379 1503 4476 certamine·
1527 4379 1737 4493 vinetis,

1623 4547 1738 4648 quon
