4288 5584
632 793 751 882 tam
782 739 1002 878 'rivulos
1037 745 1390 872 consedtandi
1422 793 1595 918 quam
1633 798 1708 876 ex
1736 751 1781 876 io

633 949 737 1114 psr's
755 943 1002 1066 fontibus
1020 935 1312 1061 hauriendi
1331 939 1590 1108 cupiduS,
1604 971 1782 1107 quum

632 1118 1003 1296 Philosophiae
1041 1120 1377 1290 scientiisque
1400 1115 1642 1294 'operam
1684 1117 1783 1250 da.

634 1353 738 1469 ret,
768 1315 1052 1486 praecipuo
1076 1343 1351 1434 tamenet
1370 1315 1512 1434 miro
1538 1317 1784 1480 quodam

636 1499 826 1631 amore
853 1502 1203 1624 deferebatur
1220 1504 1292 1622 ad
1317 1503 1498 1623 studia
1506 1504 1788 1624 Humani-

636 1699 766 1819 tatis
781 1740 798 1817 ἐ
824 1695 886 1816 iis
907 1691 1242 1860 potissimum
1269 1690 1570 1842 insudavit,
1611 1725 1783 1860 utpo-

636 1920 697 2014 te
708 1933 833 2054 quae
855 1930 969 2007 non
994 1879 1261 2003 orationis
1288 1881 1465 2004 solum
1492 1869 1584 2002 sed
1612 1912 1670 2004 et
1687 1873 1782 2003 co·

636 2071 918 2244 gitationis
963 2101 1191 2190 omnem
1226 2071 1548 2192 contineant
1586 2070 1784 2193 sanita-

636 2296 782 2442 tem3
828 2285 906 2410 et,
942 2299 1121 2425 quum
1148 2257 1356 2425 ingenii
1381 2257 1524 2382 vires
1549 2291 1783 2428 magno·

637 2454 767 2623 pere
808 2444 1039 2570 dilatare
1080 2447 1291 2570 soleant
1331 2478 1390 2569 et
1434 2445 1781 2599 confirmare,

629 2643 941 2813 plurimum
977 2637 1149 2762 etiam
1190 2641 1414 2760 valeant
1446 2637 1505 2756 in
1538 2639 1786 2762 moribus

637 2829 940 2956 formandis
966 2855 1025 2948 et
1051 2826 1184 2947 vitae
1204 2827 1572 2950 institutione.

724 3018 1012 3188 Cogitanti
1027 3016 1202 3138 cuivis
1225 3050 1284 3138 et
1309 3019 1495 3139 secum
1520 3044 1783 3181 reputan-

638 3209 886 3372 tiquam
927 3205 1115 3372 opima
1155 3203 1222 3326 sit
1257 3202 1572 3354 Dodtrina‘e,
1614 3238 1785 3366 quam

637 3395 790 3514 varia
829 3425 1054 3558 quoque
1096 3391 1353 3512 materies
1388 3421 1446 3510 et
1470 3388 1782 3538 abundans,

637 3563 754 3700 fieri
791 3573 1049 3745 profesti)
1088 3577 1284 3743 nequit
1320 3576 1475 3743 quin,
1522 3602 1593 3700 ut
1631 3574 1786 3693 oble·

638 3761 898 3889 diationis
926 3765 1192 3916 multum,
1234 3766 1314 3888 ita
1340 3759 1591 3888 nonnihil
1615 3751 1786 3882 etiam
1816 3833 1825 3846 ·

639 3956 860 4081 terroris
899 3987 1070 4123 atque
1112 3957 1423 4079 formidinis
1468 3951 1788 4074 obversetur

638 4145 840 4265 animo.
916 4146 1140 4313 Ingredi
1170 4145 1263 4268 fibi
1301 4147 1528 4267 videtur
1565 4141 1624 4260 in
1666 4137 1785 4264 sru-

637 4331 1031 4458 diuosrssrmam
1080 4336 1204 4457 sane
1240 4365 1413 4503 atque
1447 4331 1785 4458 uberrimam

1560 4557 1783 4686 provm-
