4288 5584
321 719 639 829 Graecorum,
675 681 999 804 Romanorum
1033 726 1081 802 et
1106 701 1318 802 Arabum
1351 700 1638 844 medicorum
1675 709 1762 806 eti-

350 859 545 1000 amnum
604 883 778 990 extant,
827 903 930 1001 que
977 862 1117 965 susrhs
1163 899 1392 1004 exponere
1428 865 1486 965 ad
1528 867 1772 970 medicina·

351 1033 585 1135 historiam
622 1028 774 1166 potitis
816 1031 994 1168 attinet,
1033 1031 1239 1162 quamvis
1260 1065 1410 1164 neque
1434 1029 1656 1128 hodierno
1679 1067 1763 1130 ne-

320 1198 480 1334 ·gotio
521 1172 699 1330 prorsus
740 1191 972 1312 alienum3
1023 1191 1173 1329 quod·
1193 1189 1419 1328 precipue
1458 1191 1672 1330 postulat,
1710 1176 1765 1295 ut
1864 1267 1869 1280 ·

326 1358 544 1456 -honores
602 1357 833 1454 memoriae
870 1351 1156 1490 summorum
1200 1359 1401 1454 virorum
1442 1347 1762 1489 persolvamus,

351 1523 435 1654 qui
472 1517 805 1652 rempublicam
847 1513 1047 1614 nostram
1094 1515 1322 1616 medicam
1362 1541 1408 1615 et
1424 1549 1430 1558 ·
1449 1517 1540 1617 hoc
1572 1517 1763 1619 scientiae

349 1659 641 1780 domicilium
665 1675 943 1777 authoritate
972 1701 1031 1778 et·
1050 1675 1368 1804 munificentii¹
1402 1677 1479 1780 sua
1515 1679 1764 1779 constitue-

351 1869 476 1966 runt,
513 1841 830 1943 conservarunt
861 1865 908 1935 et
943 1833 1283 1972 amplificarunt
1292 1885 1309 1966 3
1352 1846 1525 1975 quique
1547 1843 1767 1976 praeclaris

329 2006 545 2103 'inventis
576 2003 759 2102 sanandi
792 2023 937 2100 artem
975 1997 1329 2133 locupletirunt,
1368 2001 1544 2134 optime
1580 2029 1682 2102 turn
1706 1980 1785 2101 de·¹

354 2164 486 2262 nobis
511 2189 557 2262 et
580 2162 739 2262 nostris
764 2189 868 2262 tum
891 2163 949 2260 de
972 2163 1144 2282 civibus
1166 2160 1251 2260 suis
1276 2167 1527 2296 promeriti.
1632 2277 1637 2286 ¹

327 2532 331 2540 ·
424 2491 696 2580 hausurum
727 2476 853 2578 hunc
876 2470 1239 2580 chorum'ducit
1279 2481 1544 2601 Lrnucnus,
1582 2452 1767 2614 reipub·

354 2639 451 2738 licae
494 2637 655 2733 nostrae
696 2633 944 2755 fundator3
992 2643 1059 2736 vir
1107 2669 1202 2734 non
1250 2641 1393 2772 magis
1442 2641 1502 2745 ob
1539 2642 1766 2740 medicant

355 2799 588 2898 scientia-m
609 2829 752 2928 quam
773 2796 833 2893 ob
858 2797 1086 2894 summam
1104 2798 1153 2890 in
1172 2793 1309 2891 literis
1329 2801 1538 2930 peritiam
1553 2797 1763 2935 infignis3

355 2963 424 3060 his
442 2963 565 3056 enim
582 2957 682 3092 jam
706 2957 1054 3077 renascentibus,
1091 2977 1139 3052 et
1161 2952 1241 3051 illi
1258 2994 1283 3053 e
1299 2961 1633 3061 monachorum
1652 2961 1767 3063 la'te-

332 3123 446 3218 ·bris
484 3135 762 3251 emergente,
821 3119 1020 3255 utrisque
1054 3137 1242 3256 operam
1282 3155 1376 3220 non
1419 3127 1634 3261 exiguam
1675 3125 1768 3262 ipse

357 3280 583 3398 contulit3
624 3281 704 3411 qui
745 3278 990 3413 postquam
1023 3280 1195 3410 primos
1238 3315 1379 3379 annos
1421 3289 1469 3380 in
1517 3271 1780 3419 gratiffimo.

296 3541 301 3550 ,
357 3445 530 3541 Oxonii
556 3438 719 3537 secessu
743 3437 1032 3583 transegerat,
1060 3436 1239 3536 Italiam
1264 3441 1403 3540 adivit
1428 3447 1771 3548 celeberrimam

357 3631 471 3702 tunc
497 3607 713 3734 temporis
737 3601 980 3697 literaturae
1004 3623 1051 3692 et
1086 3596 1381 3732 philosophiae
1406 3605 1638 3725 scholam3
1690 3613 1771 3709 ubi

358 3760 708 3898 preceptoribus
733 3757 838 3855 usus
877 3756 940 3854 est
972 3753 1263 3887 peritissimis,
1297 3785 1344 3856 et
1384 3763 1448 3856 ad'
1485 3767 1772 3868 eruditorum

302 3945 305 3953 '
357 3921 713 4021 familiaritatem
754 3916 839 4017 sese
867 3917 1101 4052 applicuit.
1175 3919 1388 4016 Domum
1435 3959 1541 4022 vero
1578 3931 1776 4032 reversus
1847 3979 1852 3996 ·

309 4211 316 4227 ἱ
359 4080 567 4181 doctrinis
584 4101 629 4178 et
654 4079 857 4179 moribus
881 4072 1259 4193 instruitissrmus,
1286 4082 1471 4204 civium,
1498 4093 1769 4219 primorum,

205 4303 215 4324 ·
360 4247 578 4380 principis
606 4219 858 4378 juventutis
894 4249 1127 4336 Anauon
1167 4241 1262 4364 (cui
1309 4249 1447 4343 etiam
1489 4260 1773 4386 praeceptoris

362 4435 553 4502 munere
576 4397 759 4500 fundus
784 4398 882 4525 est,)
923 4423 970 4495 et
1002 4391 1139 4530 ipsius
1178 4399 1375 4538 denique
1410 4415 1627 4512 Humum
1662 4425 1773 4556 Sep-

361 4567 466 4662 timi
491 4566 633 4694 Regis
658 4562 788 4660 saluti
813 4559 955 4661 fauste
977 4555 1240 4690 invigilavit.
1290 4567 1484 4703 Indigns
1507 4611 1612 4675 vero
1629 4577 1788 4679 ferens

363 4761 461 4845 cos,
496 4729 578 4858 qui
616 4759 856 4859 nunquam
888 4723 1162 4841 didicerant,
1197 4733 1474 4836 medicinam
1512 4740 1617 4842 dare
1647 4745 1775 4844 ausos

1015 4895 1068 4993 R
1686 4903 1790 5002 effe·
