4372 5594
953 831 971 939 (
1049 854 1106 938 17
1181 808 1233 939 )·'
1742 961 1749 972 ,

399 1017 585 1126 famam,
612 1015 811 1105 numeris
835 1015 1210 1134 mollequiddam
1230 1031 1272 1101 et
1297 1019 1485 1104 amabile
1509 1019 1780 1133 sonantibus,

398 1182 617 1268 stabilivit.
686 1179 825 1291 Capti
856 1174 1015 1296 deinde
1038 1172 1313 1264 Constantini
1340 1171 1474 1288 urbe,
1514 1209 1569 1267 ex
1603 1186 1781 1270 Oriente

397 1345 686 1461 elegantiores
721 1342 887 1426 rediere
936 1358 1065 1447 artes,
1120 1336 1283 1426 salubri
1320 1347 1548 1456 Europam
1590 1311 1782 1431 flumine

397 1509 656 1623 irrigaturae.
693 1504 809 1588 Hinc
829 1503 945 1614 apud
959 1505 1105 1608 ltalos,
1122 1500 1203 1589 sub
1218 1505 1391 1590 decimo
1409 1511 1593 1612 Ltoun,
1605 1506 1782 1594 summo

393 1668 624 1780 splendore
638 1665 896 1750 enituerunt
909 1667 1094 1752 Literae:
1112 1667 1228 1751 Hinc
1243 1667 1445 1786 virgineo
1453 1675 1800 1788 Enrzaanrnaj

400 1815 492 1914 suae
530 1798 726 1940 superbit
756 1801 1155 1944 tegno''‘·Britannia
1171 1823 1190 1914 ε’
1222 1807 1340 1915 Hinc
1365 1857 1545 1917 auream
1570 1831 1804 1919 Lonorct'

399 1974 582 2078 aetatem'
611 1969 782 2110 merit&
801 1959 935 2102 jaciat
957 1992 1129 2077 'Gallia
1204 1955 1357 2112 duim
1393 1995 1599 2111 libenter,
1640 1994 1782 2078 numo

399 2152 522 2240 avide
545 2151 818 2238 occasionem
842 2147 1195 2264 hicarriperem,
1234 2151 1404 2266 copiose
1427 2155 1679 2266 explicandi
1701 2181 1783 2265 per

398 2345 528 2442 quos·
547 2316 676 2423 viros,
709 2332 756 2438 et
790 2329 969 2442 partum
1004 2333 1053 2437 et·
1089 2318 1271 2438 auctum
1303 2316 1364 2401 est
1395 2315 1609 2401 doctrinae
1633 2315 1781 2423 decus,

396 2481 537 2566 donec
556 2476 610 2600 ad
632 2457 731 2563 baec
749 2493 962 2634 tempora,
988 2478 1149 2588 quibus
1174 2478 1407 2563 summum
1430 2477 1626 2565 fortunae
1650 2477 1785 2562 attin

395 2623 460 2755 git
482 2633 672 2752 E'uropa,
698 2656 963 2760 perventum
988 2617 1054 2760 fit.
1056 2634 1215 2726 -Sed
1247 2666 1422 2752 aequore
1446 2639 1704 2789 proposito
1685 2665 1781 2751 Jam

397 2799 613 2906 confecto,
656 2781 784 2923 mihi,
827 2817 1010 2922 portum
1057 2801 1179 2913 quast
1213 2781 1508 2912 conspicienti,
1544 2803 1644 2886 vela
1681 2799 1790 2886 sunt·

398 2961 711 3090 contrahenda.
772 2961 971 3085 Paucula
1009 2962 1231 3070 quaedam,
1272 2963 1327 3046 de
1361 2949 1568 3047 ulteriore
1603 2946 1789 3071 Imperii

400 3124 447 3207 in
466 3075 759 3206 chidentem
763 3077 1013 3302 progrefl'u,
1026 3087 1262 3206 coronidis
1259 3124 1385 3306 loco,
1401 3124 1528 3207 liceat
1551 3125 1746 3234 adjicere.

470 3422 599 3508 Nihil
635 3422 785 3510 minus
811 3423 1062 3534 quaefitum,
1106 3425 1244 3534 quam
1276 3442 1328 3507 ut
1362 3423 1527 3534 aliquid
1557 3423 1613 3507 de
1645 3423 1783 3508 Sacris

402 3585 559 3672 Literis
576 3585 685 3669 huic
707 3585 998 3669 oratiunculae
1015 3581 1275 3670 insererem:
1301 3583 1392 3695 ipsa
1405 3611 1510 3669 vero
1529 3583 1783 3696 argumenti

401 3748 602 3862 dignitas,
629 3748 790 3858 quibus
807 3713 951 3831 tacitis*
967 3747 1302 3861 cogitationibus
1321 3745 1535 3828 volutavit
1559 3744 1782 3852 animum,

345 3945 361 3974 ν
399 3935 470 3992 eas
505 3925 655 3993 evocat
689 3909 738 3993 in
773 3909 990 3996 medium.
1064 3908 1206 4022 Nobis
1233 3905 1431 4018 proiecio
1455 3903 1596 3988 futuri
1628 3931 1784 3989 arcana

401 4069 603 4155 summus
628 4071 838 4156 oninium
857 4073 1050 4178 Arbiter,
1082 4034 1171 4183 :nui
1193 4095 1262 4154 res
1294 4069 1515 4153 humanas
1541 4063 1704 4178 speritat
1740 4083 1784 4150 et

401 4233 635 4346 gubernat,
675 4233 801 4319 sacris
840 4234 1067 4345 Prophetis
1109 4231 1343 4344 aperienda
1379 4229 1511 4314 dedit.
1583 4234 1785 4333 Quatuor

400 4394 475 4475 illa
508 4391 697 4501 summa,
733 4424 834 4506 quae
852 4398 1103 4483 occidentali
1135 4395 1262 4506 cursu
1296 4391 1383 4478 sese
1407 4389 1647 4476 deferentia
1672 4391 1784 4474 vidi·

401 4581 518 4663 mus,
553 4557 755 4666 Imperia,
793 4559 945 4643 multis
971 4576 1098 4645 antea
1122 4557 1291 4645 saeculis
1316 4556 1465 4640 divina
1489 4551 1786 4665 patefecerant

401 4719 606 4820 oracula3
644 4746 746 4830 quae
785 4723 1076 4832 proculdubio
1115 4722 1250 4807 totius
1277 4727 1525 4809 Terrarum
1543 4715 1672 4800 Orbis
1697 4713 1788 4796 fata

402 4880 777 4990 complectuntur.
815 4890 949 4970 Prout
963 4911 1066 4970 vero
1080 4883 1335 4970 dodiffimis
1357 4878 1628 4967 Hominibus
1641 4875 1788 4961 visum

1073 5051 1109 5132 C
1711 5035 1787 5144 est,
