4288 5584
915 203 926 260 ,-
1053 112 1077 270 t
1173 141 1254 258 14·
1334 93 1367 258 l
1480 283 1525 303 ,-

456 411 619 510 ceteris
643 409 809 506 virtute
831 399 1022 538 prestat,
1058 427 1111 502 ut
1138 435 1197 504 ex
1213 401 1311 540 ejus
1332 401 1534 537 scriptia„
1557 419 1778 534 tanquam
1794 431 1994 504 err-uno·

454 629 593 729 hodie
616 624 817 768 oraculo,
853 649 1010 759 aptam
1030 647 1080 724 et
1103 621 1501 724 accommodatam
1523 621 1585 726 ud
1606 657 1796 726 omnem
1819 622 1977 726 homi·

455 883 574 946 num
619 849 761 943 vitam
820 844 1061 980 principes,
1116 875 1336 978 proceres,
1384 809 1545 980 privati
1579 843 1816 946 scientiam
1855 845 1975 948 deri,

455 1093 643 1160 vernus:

1032 1263 1107 1340 s“
1130 1267 1415 1406 depascimur
1429 1270 1740 1390 aureadiria,

662 1491 695 1540 “
719 1484 888 1598 Aurea,
925 1501 1142 1612 perpetua
1164 1478 1337 1615 semper
1358 1475 1617 1612 dignissima
1634 1477 1771 1582 vita?
2112 1445 2113 1460 l

522 1689 625 1818 Ego
641 1671 747 1782 vero
770 1691 860 1808 Tc,
897 1689 982 1784 Vir
1004 1685 1373 1822 prastantissime,
1411 1723 1562 1820 neque
1596 1687 1661 1788 ob
1699 1691 1875 1822 ingenfi
1894 1693 1977 1792 vi-·

454 1930 520 1992 res
543 1919 588 1991 et
619 1893 786 2030 judicii
804 1931 1024 2018 acumen,
1061 1931 1210 2030 neque
1232 1895 1294 1994 ob
1318 1889 1525 2032 'fortunae
1555 1929 1766 2042 munera,
1801 1900 1969 2031 pn'ma-
2112 2005 2113 2036 p

454 2109 574 2205 rium
598 2110 646 2206 in
670 2114 850 2207 civitate
871 2107 1440 2244 locum,etimmortalcm
1475 2144 1618 2242 quam
1639 2106 1905 2214 consecutus
1918 2150 1970 2214 er

455 2321 661 2459 gloriam,
698 2348 882 2422 tannim
927 2321 1134 2454 suspicio,
1170 2348 1398 2456 quantum
1453 2322 1516 2424 ob
1563 2326 1791 2460 integrum
1835 2327 1980 2432 illum

454 2534 975 2670 sortemqueanimum3
1009 2538 1236 2639 malorum
1257 2543 1522 2675 principum
1541 2573 1877 2676 procerumque
1917 2547 1965 2654 in
2112 2581 2113 2674 l

453 2799 527 2865 cos
574 2767 775 2901 obsequii
815 2767 1051 2868 adulatorii
1086 2775 1445 2907 impatientem
1483 2772 1698 2889 servituti,
1725 2768 1966 2904 superstiti·
2112 2743 2113 2772 l

321 2999 324 3008 ’
450 3006 543 3121 oni,
582 3003 737 3100 sceleri
761 3004 1020 3132 cuicunque
1053 2995 1400 3097 insensrssimum
1420 3035 1437 3117 3
1459 2999 1543 3093 uni
1566 2995 1761 3094 demum
1784 2997 1962 3090 v1R.-

449 3210 497 3303 T
517 3213 683 3327 UTI,
729 3205 940 3340 prolique
978 3207 1072 3343 ejus
1107 3203 1426 3341 pulcherrima
1473 3205 1960 3304 LIBERTATI

449 3422 525 3550 pie
557 3453 609 3514 ac
634 3416 848 3514 inviolate
872 3452 1072 3547 aequum.
1143 3422 1273 3547 Qrot
1297 3440 1560 3549 quantaque
1583 3412 1708 3535 fidei,
1754 3411 1961 3516 conllan-
2112 3461 2113 3556 j

351 3701 355 3708 ·
448 3635 538 3752 tia,
584 3630 762 3762 pietatis
808 3627 1016 3763 exempla
1052 3625 1111 3724 ab
1148 3626 1373 3728 oblivione
1407 3631 1636 3730 vindicata
1672 3653 1719 3730 et
1755 3633 1956 3771 interitu,

446 3850 558 3947 Tibi
581 3847 718 3947 refert
735 3870 920 3982 accepta
942 3852 1052 3978 etin
1075 3807 1291 3948 aeternum
1325 3846 1544 3945 relaturus
1563 3840 1627 3944 est
1649 3841 1813 3974 longus
1834 3838 1961 3936 secu·

446 4077 597 4173 lorum
635 4065 782 4166 ordol
820 4070 927 4197 Qro
950 4098 1119 4182 amore,
1157 4059 1323 4195 quibus
1347 4056 1570 4175 laudibus,
1607 4089 1699 4187 qna
1722 4053 1957 4151 admirati·
1987 4189 1991 4192 g

446 4324 533 4388 one
556 4283 869 4421 prosequimur
886 4273 1015 4374 civile
1040 4229 1302 4372 Germanici
1326 4277 1579 4407 ingenium,
1596 4275 1789 4408 rigidam
1807 4269 1957 4374 Thra,

444 4492 524 4589 seae
555 4492 874 4623 integritatem,
914 4483 1181 4580 senatoriam
1216 4476 1422 4577 Helvidii
1467 4471 1812 4608 eloquentiam!
1852 4475 1955 4568 Nec

443 4703 610 4808 minori
634 4735 743 4802 cum
776 4695 1109 4814 emolumento,
1145 4689 1317 4793 diverso
1340 4688 1448 4790 licet
1475 4681 1659 4806 affeetu,
1697 4673 1952 4806 municipa-

1860 4878 1954 4978 lem
