4288 5584
1076 404 1231 536 (⁸)

377 616 414 712 pr
402 595 603 680 'saculum
622 608 785 692 vocatur,
814 592 853 675 in
892 590 1037 678 Pudore
1064 586 1321 700 recuperande
1337 586 1481 750 virtutis
1504 589 1584 702 spes
1610 591 1793 677 collocare
1822 595 1940 734 valde

377 717 690 965 reclhsrhrrilmigitur
717 851 829 962 hujus
846 843 1069 962 questionis
1102 847 1395 934 fundamentum
1425 851 1544 948 est,'
1533 879 1572 933 ιιι
1600 851 1675 934 hac
1710 855 1757 936 de
1796 881 1927 966 genere

380 987 630 1093 Contemptds
648 1001 686 1064 et
704 981 859 1065 Pudoris
876 980 1196 1092 argumentatione
1214 981 1252 1062 id
1273 982 1419 1089 jasium
1438 973 1580 1065 videtis.
1619 975 1702 1064 A‘d
1719 979 1833 1067 aliam
1852 986 1926 1068 dis-

377 1115 610 1224 putationem
626 1099 895 1208 festinamus,
884 1139 922 1191 ιιι
954 1112 1030 1219 qud
1048 1109 1206 1220 lingulas
1225 1129 1345 1221 partes
1368 1110 1514 1194 Veteris
1540 1109 1785 1214 eomoediae,
1786 1115 1927 1226 quippe

379 1270 461 1350 quae
480 1241 524 1320 ad
544 1227 745 1322 irridendos
763 1237 1017 1366 Magistratus,
1040 1239 1154 1340 Deos,
1188 1234 1356 1320 Privatos
1373 1236 1570 1352 pertinent,
1598 1236 1766 1320 accurate
1784 1258 1822 1320 et
1837 1237 1922 1321 dili-

378 1368 507 1476 genter
526 1367 613 1450 libet
635 1367 853 1478 expendere.

433 1498 569 1577 Cum
560 1515 705 1579 intueor
724 1498 760 1578 in
781 1515 949 1578 naturam
969 1497 1125 1578 universi
1146 1497 1263 1610 vulgi,
1290 1525 1457 1611 quorum
1469 1497 1587 1608 jejuni
1614 1495 1918 1615 minutiqueani-

379 1625 435 1706 mi
453 1654 501 1707 err
525 1628 735 1738 principum
754 1627 922 1707 virorum
940 1617 1023 1706 'casu
1043 1626 1122 1708 fere
1141 1627 1283 1778 semper
1299 1621 1470 1710 exultant
1489 1645 1527 1708 et
1544 1623 1773 1736 tri'pudiant3
1801 1623 1921 1706 autin

379 1760 623 1878 arrogantiam
637 1777 746 1868 atque
764 1743 1059 1860 inconstantiam,
1088 1785 1172 1867 quae
1189 1759 1228 1840 in
1264 1758 1510 1872 popularibus
1546 1751 1791 1845 civitatibus
1774 1755 1921 1864 egregie

378 1889 487 1969 alitur
509 1908 619 1999 atque
647 1878 1039 2012 augetur31'najorum
1067 1879 1283 1971 nostrorum
1319 1885 1420 1967 civili
1456 1883 1652 1996 sapientiae
1663 1883 1918 1996 gratulandum

379 2019 449 2100 elle
467 2022 595 2102 censeo
596 2022 686 2132 ,qui
705 2040 789 2100 tum
809 2003 952 2101 Veteris
974 2003 1123 2129 hujusce
1147 2020 1365 2122 Comoediae,
1382 2037 1469 2101 tum
1488 2009 1756 2150 Dionysiorum
1772 2033 1809 2098 et
1822 2017 1918 2096 Pan·

380 2151 660 2232 athenaeorum
651 2169 743 2229 rnter
762 2149 1018 2253 Athenienses,
1057 2135 1345 2234 Bacchanalium
1367 2171 1406 2231 ct
1438 2143 1722 2232 Saturnalium
1711 2167 1806 2230 rnter
1835 2149 1916 2228 Ro-

372 2306 511 2366 manos
548 2279 768 2377 celebritate,
809 2276 948 2387 populo
977 2265 1207 2360 occafionem
1237 2265 1467 2380 obtulerunt,
1514 2271 1603 2359 ubi
1616 2277 1804 2362 tenuitatis
1845 2277 1916 2358 sue

379 2407 616 2488 consolationi
641 2407 922 2514 indulgerent
890 2431 985 2488 crves
1002 2389 1137 2511 infimi,
1166 2437 1275 2491 coecae
1291 2429 1327 2490 et
1345 2397 1574 2491 tenebricosae
1591 2428 1734 2494 mentes
1745 2401 1919 2520 paulisper

275 2543 277 2548 '
380 2537 519 2642 quasr'
509 2565 547 2618 ιιι
565 2540 732 2656 apricum
749 2537 1002 2646 spatiarentur,
1031 2555 1069 2618 et
1100 2539 1295 2620 constricta
1317 2539 1455 2621 diutius
1488 2527 1601 2649 atque
1629 2529 1835 2650 oppress'a
1823 2536 1917 2620 rori·

379 2665 469 2746 dia
459 2695 497 2748 ιιι
527 2665 730 2749 maledictis
753 2667 874 2778 potius
900 2653 1019 2790 quim
1037 2657 1346 2776 conjurationibus
1363 2668 1570 2751 etondibus
1597 2667 1634 2750 se
1651 2667 1799 2752 efferret
1811 2685 1920 2778 uque

378 2796 537 2901 ejiceret.
591 2794 661 2877 Sed
678 2820 768 2876 cum
785 2812 918 2905 reputo
936 2820 958 2874 a
975 2794 1215 2914 personarum
1233 2795 1423 2904 dignitate,
1441 2796 1575 2906 quibus
1592 2789 1648 2876 res
1663 2795 1822 2907 publice
1831 2821 1919 2907 pto-

381 2944 568 3023 curantur,
595 2951 672 3005 non
701 2923 859 3006 omnino
885 2922 1087 3029 sejunctam
1106 2923 1177 3006 elle
1194 2925 1451 3006 auctoritatem
1474 2943 1512 3006 et
1531 2923 1611 3006 vim
1628 2923 1917 3038 procurationis,
2034 2921 2040 2934 ’

382 3051 524 3133 nollem
543 3048 745 3147 mehercle,
774 3065 962 3156 quotquot
975 3043 1089 3130 exiles
1107 3051 1262 3160 culpas
1252 3078 1291 3133 ιιι
1305 3050 1583 3160 magrstratrbus
1592 3047 1768 3134 odoretur
1792 3067 1919 3164 poeta-

384 3206 470 3258 rum
508 3175 719 3288 petulantia,
748 3176 787 3257 in
819 3173 1050 3284 plebeiorum
1075 3177 1346 3260 cachinnorum
1370 3178 1833 3291 intemperantiamatque
1857 3179 1917 3261 in-

383 3291 581 3387 sulsitatem
607 3293 805 3413 divulgari,
854 3332 901 3385 ne
920 3303 1017 3386 sorte
1042 3304 1171 3415 legum
1195 3307 1358 3417 ipsarum
1381 3307 1568 3421 disciplina
1597 3309 1638 3388 in
1669 3309 1831 3418 ejusdem
1849 3309 1916 3390 de-

383 3433 586 3544 spicationis
620 3433 832 3513 societatem
858 3430 1080 3516 adducatur:
1126 3434 1270 3516 nollem
1306 3435 1420 3516 etiam
1471 3463 1615 3546 magun
1655 3454 1694 3518 et
1724 3436 1917 3520 luculente

383 3566 626 3679 improbitatis
652 3561 925 3670 castigationem
942 3563 1155 3646 Comoedia
1186 3563 1331 3666 deferri,
1359 3592 1407 3646 ne
1424 3566 1503 3650 odii
1526 3585 1651 3678 atque.
1665 3566 1938 3678 indignatipnis¹

384 3700 513 3780 locum
537 3695 626 3778 risus
646 3711 815 3804 occupet.
871 3691 959 3773 Nec
978 3692 1146 3804 profedlb
1171 3694 1419 3805 quaellionum
1450 3716 1487 3779 et
1517 3696 1748 3805 judiciorum
1767 3693 1918 3777 salubri·

357 3813 499 3907 'tatem
518 3821 753 3906 mediocriter
789 3818 992 3918 desiderare
1020 3820 1164 3904 videtur
1189 3821 1331 3924 civitas,
1358 3822 1399 3903 in
1412 3821 1489 3931 qua
1504 3823 1602 3933 pacis
1618 3839 1657 3904 et
1674 3822 1761 3904 belli
1763 3821 1917 3932 ,legam

383 3965 626 4069 morumque,
665 3952 840 4038 universa
875 3939 1034 4035 demirm
1077 3955 1188 4065 Reip.
1238 3953 1344 4035 causa
1383 3954 1592 4064 (incolumi
1628 3954 1806 4064 dignitate
1835 3953 1918 4035 dico

384 4091 596 4197 Atticarum
627 4083 795 4192 aurium)
826 4081 1072 4187 vindicum†
1118 4107 1303 4185 ranarum,
1335 4083 1478 4185 avium,
1507 4084 1700 4194 vesparum
1718 4083 1792 4168 fide
1808 4100 1921 4193 atque

385 4216 592 4324 integritate
610 4211 869 4329 facundissima
888 4207 1049 4293 mirifici
1069 4211 1235 4322 suspensa
1252 4213 1318 4296 est.
1411 4284 1415 4294 .

441 4345 529 4426 Nec
556 4342 709 4453 quidem
741 4341 768 4422 sr
792 4367 815 4420 a
844 4367 1000 4421 morum
1036 4341 1207 4451 periculis
1225 4343 1371 4454 prorsus
1407 4342 1525 4426 aliena
1559 4343 1647 4426 esset
1683 4343 1822 4426 ludicra
1841 4339 1924 4424 bac

385 4472 629 4587 reprehensro,
655 4471 702 4553 ad
734 4470 846 4552 talem
879 4471 1070 4553 censuram
1089 4473 1346 4584 exequendam
1363 4474 1635 4558 accommodati
1658 4475 1729 4558 elle
1749 4473 1926 4555 videntur

385 4623 516 4714 poetae,
544 4617 582 4680 et
616 4600 654 4677 id
682 4625 795 4708 genus
823 4599 1055 4701 hominum,
1080 4629 1244 4712 quorum
1269 4601 1323 4682 est
1350 4601 1467 4682 calide
1495 4621 1533 4683 et
1552 4601 1699 4684 sortiter
1718 4603 1926 4712 concipere,

385 4732 509 4846 potius
525 4728 645 4841 quam
660 4729 759 4808 artie*
777 4745 888 4837 atque
901 4729 1048 4812 ¹astrislrl
1060 4730 1237 4840 judicare.
1273 4779 1277 4790 ·
1295 4721 1501 4814 Enimvero
1528 4731 1665 4815 sincera
1688 4750 1728 4815 et
1745 4731 1933 4840 -legititnn
2104 4816 2113 4835 ,

381 4859 572 4974 inquisrtio
598 4858 718 4958 telles,
744 4845 1000 4961 definitiones,
1014 4861 1358 4970 argumentationes,
1387 4886 1618 4971 omnemque
1649 4860 1821 4973 religiose
1839 4885 1933 4942 ora·

769 5030 793 5108 †
811 5028 880 5092 Vid.
902 5031 1060 5111 Βίτςαχιι,
1082 5031 1207 5114 Ὀςιιῦις,
1225 5035 1327 5115 When
1345 5032 1545 5113 Affl⁰Ph²¹²i⁸⁸
1839 5125 1849 5145 ‚
1908 5127 1921 5148 ,

1821 5145 1944 5216 ltonss
