4288 5584
1083 475 1109 631 (
1156 473 1192 594 8
1242 473 1263 628 )

611 721 676 811 te
703 685 1001 814 erudienda
1021 683 1384 851 ornandisque
1411 685 1658 808 moribus
1676 689 1759 810 vi·

615 863 857 998 deretur.
907 879 1069 994 Nam
1103 904 1161 992 et
1188 873 1575 1040 incorruptum
1602 877 1759 998 Lati-

616 1065 806 1184 nitatis
826 1095 994 1228 atque
1011 1063 1290 1230 integrum
1308 1065 1498 1213 robur,
1509 1059 1760 1187 omnem}

416 1225 425 1241 ’
491 1261 496 1272 ’
541 1293 545 1299 ·
617 1297 728 1417 que
738 1253 951 1375 Atticae
977 1249 1236 1370 diolionis
1246 1243 1629 1374 ‘salubritatem
1645 1255 1760 1374 ani·

620 1487 717 1566 mo
745 1441 1023 1608 insigniter
1049 1433 1497 1609 compleirus‘est',
1527 1445 1761 1570 illustra·

619 1631 703 1750 vit
755 1630 956 1751 verbis:
1030 1624 1510 1796 Philosophorum:
1544 1631 1760 1753 dicendi

617 1855 799 1985 genus
812 1813 1131 1964 tortuosum
1152 1818 1437 1983 explicuit,
1458 1815 1761 1986 elegantias

615 2013 943 2156 Poetarum,
1005 2006 1313 2128 liberiorem
1365 2005 1422 2124 in
1474 2005 1764 2130 Historicis
1824 2161 1830 2174 x

613 2177 975 2346 majestatem.
1024 2197 1156 2313 Nec
1182 2193 1317 2312 vero
1345 2193 1401 2314 in
1422 2193 1612 2359 aperta
1640 2224 1764 2348 tang·

532 2379 536 2388 ’
617 2373 759 2502 tirm'
793 2383 851 2500 et
902 2380 1055 2502 nuda
1108 2381 1323 2502 ratione
1370 2380 1767 2546 interpretandi

619 2567 921 2735 praestans:
981 2569 1075 2690 sed
1117 2601 1180 2690 et
1221 2569 1536 2690 venustates
1587 2569 1767 2735 magis

539 2833 543 2842 ·
619 2761 881 2908 latentes,
903 2789 963 2878 et
987 2757 1139 2921 q'uasr
1153 2758 1225 2875 'in
1251 2753 1579 2920 penitilsrmo
1600 2751 1765 2878 Criti-

621 2993 714 3069 ces
760 2946 989 3066 sacrario
1037 2943 1347 3064 reconditas
1375 2935 1763 3109 investigavit,

622 3133 898 3256 assecutus
930 3135 1029 3281 est,
1077 3165 1247 3297 atque
1274 3132 1330 3252 in
1357 3134 1543 3254 lucem
1568 3163 1765 3298 protu-

620 3320 719 3470 lit3
767 3319 1112 3484 gratiamque
1131 3316 1282 3438 illam
1297 3316 1366 3436 in
1392 3316 1640 3484 Scaptia,
1661 3363 1765 3442 cu·

615 3505 713 3662 jus
740 3501 1094 3626 subtilitatem
1129 3505 1297 3671 pauci
1328 3504 1554 3671 quidem
1579 3539 1682 3630 aut
1706 3551 1767 3626 a·

621 3695 781 3817 -nimo
817 3696 1106 3864 concipere
1143 3694 1383 3863 possunt*
1402 3726 1506 3817 aut
1542 3693 1767 3816 delinire

623 3883 825 4036 verbis,
853 3887 924 4005 ad
944 3882 1138 4006 vivum
1164 3885 1243 4006 ita
1269 3883 1545 4053 expressit,
1565 3916 1769 4008 utnon

623 4117 774 4240 vaga
800 4075 1029 4240 posthac
1056 4075 1245 4244 imago
1269 4079 1360 4195 vel
1385 4073 1593 4193 incerta
1617 4070 1772 4193 vide·

630 4290 804 4410 retur,
826 4261 921 4383 sed
946 4261 1220 4415 constans,
1247 4263 1338 4385 sed
1365 4261 1651 4412 diuturna,
1675 4257 1771 4382 sod

630 4445 687 4578 in
715 4444 827 4616 ipsal
853 4452 1053 4574 natural
1079 4493 1265 4581 rerum
1290 4451 1544 4580 firndata.

1556 4639 1777 4804 Magna
