4372 5594
943 615 1122 781 (7)

452 817 619 964 Neque
650 815 711 922 oh
750 821 872 922 hanc
900 817 1083 926 causam
1115 809 1407 923 solummodb
1441 829 1597 960 (quam

452 971 584 1106 ponit
604 961 770 1097 Celsus)
795 983 826 1034 “
847 961 977 1094 qubd
1000 961 1283 1060 medicinam
1304 961 1372 1060 illi
1395 965 1597 1069 maxim&

454 1121 485 1178 “
507 1106 796 1236 requirerent,
830 1103 911 1231 qui
944 1091 1190 1233 corporum
1222 1099 1406 1200 suorum
1434 1101 1595 1202 robora

453 1267 485 1316 ‘t
508 1238 712 1374 inquieti
749 1241 1040 1367 cogitatione,
1076 1239 1395 1372 noclurnisque
1432 1239 1595 1372 vigiliis

454 1405 486 1454 ⁸⁸
507 1377 798 1479 minuiffent:
815 1371 844 1411 ’¹
897 1383 982 1474 Fas
1001 1375 1069 1475 est
1090 1379 1216 1478 enim
1238 1377 1493 1476 existimare
1512 1381 1595 1475 Vi-

452 1551 522 1616 ros
546 1517 733 1634 solertes,
750 1518 800 1614 in
820 1537 976 1615 mente
996 1509 1352 1647 contemplandi
1371 1515 1453 1617 diu
1472 1514 1595 1616 mul·

452 1655 648 1792 uimque
677 1657 879 1773 versatos,
910 1652 1051 1790 probd
1077 1653 1340 1754 intellexille
1372 1688 1467 1787 quo
1494 1657 1594 1762 vin-

450 1793 571 1913 culo,
594 1793 687 1930 qual
702 1795 975 1927 cognatione
994 1793 1076 1892 illa
1100 1827 1211 1892 cum
1235 1826 1422 1926 corpore
1445 1789 1593 1896 cohae·

448 1957 594 2063 reret3
614 1968 700 2031 nec
722 1929 913 2068 potuiffe
934 1927 1035 2032 fieri
1057 1957 1110 2030 ut
1127 1930 1347 2030 laboraret
1368 1928 1461 2048 illa,
1479 1933 1593 2064 quin

449 2071 540 2174 hoc
553 2069 720 2208 paritdr
742 2070 1020 2205 agresceret3
1060 2103 1147 2170 nec
1159 2093 1213 2174 ut
1232 2068 1323 2172 hoc
1345 2091 1591 2202 aegrotaret,

448 2213 562 2343 quin
584 2207 663 2308 illa
683 2211 734 2308 in
755 2207 1032 2328 consortium
1054 2207 1220 2330 morbi,
1254 2243 1310 2307 ac
1333 2205 1593 2306 societatem

448 2343 711 2444 traheretur.
759 2353 832 2447 Est
853 2344 1021 2448 horum
1042 2347 1326 2482 ignoratione
1347 2341 1418 2462 fit,
1445 2369 1511 2462 ut,
1541 2345 1593 2446 in
1643 2341 1648 2348 ’

446 2485 656 2586 curandis
679 2485 864 2606 morbis,
887 2485 1018 2586 totids
1039 2483 1265 2606 incailirm
1283 2483 1473 2618 trepidet
1487 2479 1593 2581 offi-

446 2626 564 2723 ciosa
585 2623 808 2745 sedulitas,
833 2648 880 2724 et
895 2624 1043 2726 multa
1064 2622 1378 2758 intempestivd
1393 2621 1591 2756 agendo,

444 2783 551 2892 agat
574 2760 703 2860 nihil.
752 2763 1126 2894 Qrotiescunque
1147 2766 1275 2858 enim
1297 2762 1347 2856 in
1369 2757 1506 2892 culpi
1527 2757 1593 2854 est

444 2899 638 3006 animus,
658 2895 878 3022 quorlilm
902 2895 1142 2988 stomacho
1168 2896 1267 3016 (Dii
1292 2893 1443 3024 bonil)
1466 2897 1593 3024 inge-

442 3030 558 3127 ritur
579 3026 1026 3124 medicamentorum
1049 3023 1128 3124 illa
1149 3027 1315 3144 omnis,
1332 3062 1390 3126 cx
1404 3027 1594 3160 singulis

443 3163 538 3266 ferd
564 3163 797 3262 elementis
832 3161 1028 3260 colleda
1059 3161 1359 3300 undiquaque
1388 3161 1590 3302 farrag03

443 3335 544 3438 quae
588 3299 793 3438 profecid
836 3331 1108 3402 crumenam
1151 3301 1276 3436 prius
1321 3308 1590 3434 agrotantis,

443 3474 587 3578 quarn
617 3439 837 3540 morbum
861 3438 963 3540 sunt
990 3438 1296 3542 exhaustura?
1343 3445 1592 3576 Optimum

442 3576 548 3704 land
560 3576 668 3712 jam
678 3577 1073 3680 medicamentum
1092 3579 1172 3697 est,
1194 3613 1223 3676 a
1244 3580 1591 3694 medicamentis

442 3717 617 3850 prorlils
639 3716 872 3816 abstinere.
923 3721 1055 3816 Num
1085 3751 1278 3850 papaver
1307 3716 1470 3818 somno
1488 3754 1591 3856 per·

442 3855 611 3973 fulirm,
646 3853 856 3955 succdsve
886 3855 1207 3984 Mandragorae
1238 3851 1475 3976 fabulosus,
1510 3880 1591 3955 aut

443 3992 619 4092 celebre
655 3993 789 4112 illud,
836 3990 1154 4126 qualecunque
1197 3989 1391 4090 demirm
1435 3992 1587 4110 fuerit,

443 4131 640 4250 Homeri
664 4131 981 4268 pharmacum,

556 4315 775 4510 Nirqla'q
795 4322 850 4450 r'‚
876 4315 1057 4472 ἄχολόν
1085 4313 1371 4448 rumdrt'
1394 4313 1587 4436 {stulu

564 4547 566 4552 -
665 4513 888 4600 uramur,

1405 4618 1588 4724 miseros
