4288 5584
1060 149 1322 318 (4)

418 499 515 562 rem
543 463 590 558 in
615 459 769 558 medio
804 455 1030 592 relinquit.
1104 453 1253 586 Atqui
1275 480 1428 548 nonne
1451 478 1639 579 aquum
1659 476 1814 546 rerum
1836 440 1953 546 aesti'·

415 699 659 792 matorem,
685 676 777 771 aeri
798 670 975 808 judicio
999 662 1330 804 praecellentem
1353 660 1568 761 decuerat
1592 665 1764 796 omnia,
1791 685 1839 761 et
1856 660 1952 768 fine
2116 787 2117 802 ἰ

418 875 541 1002 suco,
579 881 672 982 fine
708 879 869 980 fraude
909 877 1170 1014 protuliffe?
1208 879 1335 978 Tam
1374 909 1426 973 ea
1463 911 1565 1009 quae
1601 877 1859 974 Stoicorum
1890 878 1951 978 ad

418 1121 622 1200 mentem
655 1091 877 1232 praeclare,
916 1129 1059 1228 quam
1081 1129 1182 1226 quae
1226 1092 1286 1192 ad
1320 1095 1510 1226 Epicuri
1536 1094 1678 1226 impie
1700 1089 1943 1193 dicanturr

417 1306 602 1442 quippe,
640 1302 1020 1402 '“·Elet‘.lionem
1053 1303 1154 1399 vitae
1189 1297 1318 1400 nobis
1358 1300 1595 1440 relinqui3
1630 1341 1778 1440 neque
1810 1305 1947 1436 mala,

420 1532 452 1579 “
490 1515 558 1615 vel
592 1516 728 1635 bona,
765 1551 865 1650 quae
889 1511 1053 1647 vulgus
1084 1514 1280 1648 putet;”
1316 1539 1364 1612 et
1403 1550 1505 1649 quae
1545 1511 1823 1650 sequuntur:
1862 1517 1949 1618 nili

417 1730 545 1863 quod
568 1722 821 1828 honorifice
843 1724 910 1824 his
939 1725 997 1826 de
1020 1724 1153 1824 rebus
1183 1722 1353 1824 sensrffe
1377 1727 1619 1849 Tacitum,
1661 1765 1811 1866 neque
1833 1766 1948 1830 con·

415 1939 499 2042 filii
523 1941 687 2038 Stradae
718 1933 869 2060 fuerit,
908 1973 1057 2073 neque
1079 1936 1321 2038 voluntatis
1358 1938 1597 2037 evincere?
1642 2063 1648 2076 ι

486 2149 625 2249 Instat
652 2153 822 2270 enim,b
845 2148 987 2284 ‘quid
1015 2148 1102 2245 alia
1117 2147 1235 2246 hisce
1253 2145 1432 2270 familia,
1453 2187 1565 2252 cum
1587 2153 1780 2254 evenilie
1795 2155 1946 2294 aliqua

416 2381 802 2460 ‘commemorat
828 2354 922 2456 fine
955 2356 1149 2456 deorum
1196 2358 1372 2456 cura?'
1443 2369 1554 2462 Hoc
1597 2364 1703 2466 loco
1731 2369 1948 2506 respicere

410 2573 591 2672 videtur
611 2609 680 2696 ea,
718 2607 819 2710 quae
856 2574 1110 2674 immanem
1151 2574 1419 2710 Agrippina
1436 2577 1608 2678 caedem
1643 2585 1844 2683 Neronis
1861 2581 1945 2690 lilii

402 2788 525 2926 juffu
569 2812 794 2928 patratam
840 2783 993 2884 secuta
1029 2808 1376 2886 memoranturr
1414 2815 1428 2850 ‘
1465 2803 1499 2853 “
1523 2791 1738 2928 Prodigia
1759 2832 1946 2934 quoque

412 3020 446 3072 “
481 3009 650 3128 crebra,
686 3005 745 3106 et¹
781 3011 902 3108 irrita
922 3005 1234 3106 intercefferer
1274 3044 1374 3142 quae
1418 3007 1532 3124 adeo
1553 3007 1647 3112 line
1669 3049 1778 3114 cura
1801 3017 1946 3122 deirm

412 3231 444 3277 “
478 3215 760 3335 eveniebant,
799 3235 852 3311 ut
891 3209 1061 3354 multos
1107 3212 1209 3348 post
1245 3252 1388 3316 annor
1444 3225 1574 3318 Nero
1608 3224 1856 3359 imperium
1896 3259 1948 3336 et

411 3451 445 3506 ί(
481 3428 642 3527 scelera
680 3431 1057 3528 continuaverit.”
1131 3437 1245 3528 Haec
1275 3429 1392 3554 sunt,
1440 3440 1618 3572 opinor,
1656 3439 1714 3538 de
1761 3443 1945 3579 quibus,

407 3635 593 3774 oblique
632 3632 930 3773 perstringens
976 3673 1105 3733 more
1150 3636 1231 3736 luo
1277 3641 1452 3765 Strada,
1498 3649 1729 3747 “mitto’
1775 3655 1947 3789 inquit,

409 3889 424 3938 ⁴
461 3861 653 3956 crimina
692 3858 815 3993 apud
852 3856 986 3956 illum
1011 3856 1265 3957 sclicillime
1289 3885 1499 3993 patrata:
1538 3867 1677 3964 mitto
1701 3872 1951 3976 virtutibus

409 4073 423 4122 ‘
459 4057 641 4181 aversos,
701 4056 937 4158 sceleribus
970 4053 1137 4180 faciles,
1176 4061 1380 4161 humana
1420 4065 1693 4206 plerumque
1729 4101 1952 4176 contem-

409 4292 422 4342 ‘
459 4303 614 4378 nentes
639 4275 745 4375 deos
765 4274 795 4375 :’
814 4279 911 4411 pari
934 4272 1193 4412 eloquentia
1215 4313 1269 4374 ac
1293 4273 1496 4379 falsrtate.
1567 4289 1797 4423 Nunquid
1814 4293 1954 4392 enim

570 4605 794 4686 *Taaibin
848 4593 1099 4686 *Stradsibin
1153 4611 1275 4686 ‘Tau
1293 4607 1425 4686 Annal.
1443 4609 1514 4686 xiv.
1538 4633 1595 4687 12.
1647 4609 1772 4687 ‘Ibin

1815 4853 1959 4964 aliud
