4372 5594
446 781 450 794 .
1008 697 1028 808 (
1105 721 1162 784 11
1239 695 1272 808 )·,

436 883 612 1002 lateque
649 873 967 998 persensere
1018 875 1217 984 dicam„
1253 882 1341 966 'At
1377 877 1593 993 profesio,
1619 881 1847 995 'quante-

433 1070 629 1168 quantae,
653 1071 725 1136 eas
759 1069 816 1130 ex
847 1039 1026 1134 Oriente
1050 1039 1328 1151 profluxifle,
1349 1059 1482 1155 atque
1502 1045 1681 1154 exinde,
1719 1061 1847 1134 tan...

435 1240 574 1330 quam
593 1213 650 1308 de
667 1207 856 1321 perenni
878 1202 1019 1310 fonte,
1043 1191 1342 1291 Oocideutales
1366 1205 1530 1292 Mundi
1549 1225 1693 1318 partes
1717 1207 1816 1294 irri-
1843 1297 1848 1306 ,

435 1377 552 1498 giffe
570 1371 867 1461 inveniemus.
1178 1372 1183 1382 '
1463 1381 1465 1389 ·

466 1771 473 1782 ,
504 1639 675 1751 Mirum
710 1655 858 1746 forsan
891 1635 1105 1762 videatur,
1138 1655 1336 1770 aliquem
1377 1655 1572 1768 scientias
1611 1684 1668 1746 ex
1706 1661 1850 1748 Sacis„

433 1823 691 1939 Scythisque
732 1820 983 1946 borealibus
1020 1819 1215 1904 derivare
1251 1820 1393 1923 velle;
1432 1836 1523 1904 toto
1553 1779 1848 1932 scriptorum¹

433 1985 842 2098 antiquiffimorum
866 1981 1042 2094 prorsus
1065 1996 1343 2098 repugnante
1367 1983 1535 2069 Choro.
1606 1984 1688 2070 Sed
1720 2010 1818 2070 me-

434 2150 634 2271 hercule,
676 2144 891 2234 Homines
913 2144 1119 2270 novitatis
1151 2143 1294 2228 studio
1318 2143 1498 2256 abrepti,
1542 2146 1820 2262 antingenii

430 2281 678 2422 ostentandi
708 2303 847 2413 causa,
874 2306 990 2436 nihil
1023 2331 1114 2394 nou
1141 2306 1338 2421 audent;
1375 2332 1466 2416 quo
1490 2323 1640 2416 autem
1665 2307 1820 2414 absin·

432 2439 547 2600 dius,
594 2499 648 2558 eo
681 2469 823 2586 magis
857 2465 1058 2581 ipsorum
1102 2485 1294 2554 ‘acumen
1334 2468 1509 2556 elucere
1531 2468 1849 2574 existimant„

432 2643 560 2741 Unus
576 2635 692 2720 inter
709 2629 840 2720 hosne
858 2632 1024 2716 eminet
1042 2631 1233 2744 Scriptor
1249 2632 1464 2740 Gallicum
1491 2633 1656 2742 paucis,
1672 2635 1818 2743 eredo,

433 2814 582 2918 notus,
621 2819 760 2904 quem
783 2818 888 2888 vero
908 2791 1103 2916 dignum
1128 2791 1206 2900 qui
1228 2789 1458 2906 refellatur
1481 2790 1674 2902 censuit,
1690 2820 1821 2884 eum-

433 2981 522 3069 qpe
562 2941 618 3038 'ex
649 2951 702 3034 iis
732 2915 832 3060 ipfis
856 2949 1122 3058 auctoribus,
1163 2975 1275 3066 quos
1310 2949 1436 3034 testes
1471 2951 1567 3060 sibi,
1583 2957 1822 3064 appellavit

433 3089 643 3222 Przaou,
685 3110 966 3196 salsrffimum
990 3107 1075 3194 eise
1099 3106 1298 3217 ostendit,
1331 3109 1379 3194 in
1410 3112 1713 3230 Mythologioi
1733 3116 1820 3218 ,sud

429 3247 633 3386 Analpfi,
675 3273 744 3358 vir
783 3272 880 3358 orbi
905 3270 1078 3356 literato
1109 3271 1551 3388 notiffimus,1quem
1581 3279 1821 3366 Academia

433 3423 579 3530 nostra
592 3436 725 3528 suum
740 3434 824 3522 esse
841 3431 990 3562 jadtat,
1010 3440 1270 3520 BnrANrus
1281 3438 1323 3520 a,
1393 3441 1537 3546 Opere
1562 3439 1820 3563 admirando
1844 3495 1847 3504 ·

433 3601 563 3730 certe,
599 3603 654 3687 de
684 3627 775 3712 quo
804 3595 1027 3709 judicium
1051 3595 1181 3704 serre,
1209 3623 1303 3684 non
1327 3597 1388 3682 est
1411 3624 1601 3710 meum:
1637 3601 1689 3686 iis
1705 3603 1824 3706 ,solis

434 3765 685 3854 concessum
727 3761 803 3868 est,
842 3785 1038 3872 quorum
1069 3776 1241 3887 mentes
1273 3760 1488 3874 dodirinae
1509 3760 1636 3846 succo
1660 3763 1758 3874 ipso
1776 3783 1820 3852 et

437 3899 650 4046 sanguine
691 3923 909 4028 enutritae,
957 3924 1184 4034 longoque
1224 3919 1310 4006 usu
1356 3923 1613 4030 exercitatae,
1652 3926 1819 4016 habent

436 4088 563 4176 suam
586 4089 811 4203 quandam
845 4080 1151 4188 maturitatem,
1170 4099 1214 4168 et
1246 4082 1376 4198 quasi,
1393 4080 1677 4192 seruitutem.
1830 4176 1834 4185 ,

505 4371 572 4452 Ex
626 4365 806 4452 Oriente
861 4364 999 4481 igitur
1046 4348 1190 4484 initia'
1219 4360 1497 4486 scientiarum
1548 4395 1815 4486 quaeramus.

432 4537 632 4650 Egyptus
679 4527 778 4614 suos
818 4527 976 4612 habuit
1017 4525 1313 4638 Philosophiae
1359 4528 1578 4616 Ministros
1594 4499 1616 4638 ξ,
1662 4534 1816 4641 Perfia,

478 4797 497 4840 Ι
523 4791 600 4860 vid.
628 4789 771 4882 Bryant’s
787 4789 916 4879 Analys.
938 4791 975 4856 oi
988 4789 1097 4881 Myth.
1113 4793 1178 4858 vol.
1195 4791 1240 4858 iii.
1258 4814 1290 4880 p.
1311 4807 1383 4878 127.
1400 4793 1458 4870 sub
1469 4793 1557 4862 artic.
1577 4795 1746 4862 Pezion·

1125 4921 1158 5003 B
1182 4945 1207 5002 a
1629 4927 1781 5035 Magos
1801 4949 1814 5026 3
