<?xml version="1.0" encoding="UTF-8"?>
<!DOCTYPE html PUBLIC "-//W3C//DTD XHTML 1.0 Transitional//EN"
    "http://www.w3.org/TR/xhtml1/DTD/xhtml1-transitional.dtd">
<html xmlns="http://www.w3.org/1999/xhtml" xml:lang="en" lang="en">
 <head>
  <title>
</title>
<meta http-equiv="Content-Type" content="text/html;charset=utf-8" />
  <meta name='ocr-system' content='tesseract 3.04.00' />
  <meta name='ocr-capabilities' content='ocr_page ocr_carea ocr_par ocr_line ocrx_word'/>
</head>
<body>
  <div class='ocr_page' id='page_1' title='image "./inpindariprimum00barfgoog_0084.png"; bbox 0 0 4372 5594; ppageno 0'>
   <div class='ocr_carea' id='block_1_1' title="bbox 432 739 1866 1204">
    <p class='ocr_par' dir='ltr' id='par_1_1' title="bbox 432 739 1866 1204">
     <span class='ocr_line' id='line_1_1' title="bbox 1066 739 1315 852; baseline -0.008 0"><span class='ocrx_word' id='word_1_1' title='bbox 1066 739 1085 852; x_wconf 87' lang='lat'><em>&lt;</em></span> <span class='ocrx_word' id='word_1_2' title='bbox 1146 747 1221 850; x_wconf 74' lang='lat'>‘15</span> <span class='ocrx_word' id='word_1_3' title='bbox 1296 741 1315 851; x_wconf 92' lang='lat'>)</span> 
     </span>
     <span class='ocr_line' id='line_1_2' title="bbox 471 887 1866 1042; baseline -0.003 -28"><span class='ocrx_word' id='word_1_4' title='bbox 471 926 725 1042; x_wconf 71' lang='lat' dir='ltr'>¹(ptilitiores</span> <span class='ocrx_word' id='word_1_5' title='bbox 749 913 932 1037; x_wconf 86' lang='lat' dir='ltr'>Imperii</span> <span class='ocrx_word' id='word_1_6' title='bbox 964 887 1145 1032; x_wconf 85' lang='lat' dir='ltr'>formas,</span> <span class='ocrx_word' id='word_1_7' title='bbox 1184 923 1347 1035; x_wconf 91' lang='lat' dir='ltr'>quibus</span> <span class='ocrx_word' id='word_1_8' title='bbox 1364 921 1581 1010; x_wconf 86' lang='lat' dir='ltr'>hodierno</span> <span class='ocrx_word' id='word_1_9' title='bbox 1605 921 1676 1010; x_wconf 91' lang='lat' dir='ltr'>die</span> <span class='ocrx_word' id='word_1_10' title='bbox 1700 893 1866 1010; x_wconf 87' lang='lat' dir='ltr'>fruitur</span> 
     </span>
     <span class='ocr_line' id='line_1_3' title="bbox 432 1071 1473 1204; baseline -0.005 -26"><span class='ocrx_word' id='word_1_11' title='bbox 432 1095 669 1204; x_wconf 82' lang='lat' dir='ltr'>-Europa,</span> <span class='ocrx_word' id='word_1_12' title='bbox 691 1087 933 1175; x_wconf 88' lang='lat' dir='ltr'>describere</span> <span class='ocrx_word' id='word_1_13' title='bbox 955 1071 1331 1198; x_wconf 86' lang='lat' dir='ltr'>supervacaneum</span> <span class='ocrx_word' id='word_1_14' title='bbox 1352 1085 1473 1173; x_wconf 87' lang='lat' dir='ltr'>effet.</span> 
     </span>
    </p>
   </div>
   <div class='ocr_carea' id='block_1_2' title="bbox 441 1373 1943 3626">
    <p class='ocr_par' dir='ltr' id='par_1_2' title="bbox 441 1373 1943 3626">
     <span class='ocr_line' id='line_1_4' title="bbox 515 1373 1860 1528; baseline 0 -28"><span class='ocrx_word' id='word_1_15' title='bbox 515 1469 518 1479; x_wconf 87' lang='lat'><em>·</em></span> <span class='ocrx_word' id='word_1_16' title='bbox 547 1373 623 1500; x_wconf 78' lang='lat' dir='ltr'>Ad</span> <span class='ocrx_word' id='word_1_17' title='bbox 644 1405 822 1502; x_wconf 77' lang='lat' dir='ltr'>Pousnu</span> <span class='ocrx_word' id='word_1_18' title='bbox 846 1413 996 1528; x_wconf 86' lang='lat' dir='ltr'>igitur,</span> <span class='ocrx_word' id='word_1_19' title='bbox 1016 1415 1312 1520; x_wconf 60' lang='lat' dir='ltr'>Hrsroruau&#39;,</span> <span class='ocrx_word' id='word_1_20' title='bbox 1332 1429 1462 1524; x_wconf 88' lang='lat' dir='ltr'>atque</span> <span class='ocrx_word' id='word_1_21' title='bbox 1478 1415 1860 1519; x_wconf 68' lang='lat' dir='ltr'>Eleounurrsn,</span> 
     </span>
     <span class='ocr_line' id='line_1_5' title="bbox 452 1559 1862 1688; baseline 0.004 -34"><span class='ocrx_word' id='word_1_22' title='bbox 452 1576 579 1660; x_wconf 61' lang='lat' dir='ltr'>uitae</span> <span class='ocrx_word' id='word_1_23' title='bbox 596 1575 673 1660; x_wconf 89' lang='lat' dir='ltr'>illa</span> <span class='ocrx_word' id='word_1_24' title='bbox 690 1567 816 1688; x_wconf 79' lang='lat' dir='ltr'>¹quasr</span> <span class='ocrx_word' id='word_1_25' title='bbox 832 1559 1139 1678; x_wconf 56' lang='lat' dir='ltr'>condimenta</span> <span class='ocrx_word' id='word_1_26' title='bbox 1154 1575 1282 1658; x_wconf 76' lang='lat' dir='ltr'>liceat</span> <span class='ocrx_word' id='word_1_27' title='bbox 1303 1591 1579 1658; x_wconf 50' lang='lat' dir='ltr'>convertere.¹</span> <span class='ocrx_word' id='word_1_28' title='bbox 1641 1573 1862 1661; x_wconf 89' lang='lat' dir='ltr'>Omnium</span> 
     </span>
     <span class='ocr_line' id='line_1_6' title="bbox 475 1723 1861 1850; baseline 0.001 -30"><span class='ocrx_word' id='word_1_29' title='bbox 475 1735 569 1822; x_wconf 89' lang='lat' dir='ltr'>fere</span> <span class='ocrx_word' id='word_1_30' title='bbox 592 1729 906 1824; x_wconf 72' lang='lat' dir='ltr'>Dodlrinarum</span> <span class='ocrx_word' id='word_1_31' title='bbox 930 1723 1225 1823; x_wconf 83' lang='lat' dir='ltr'>inventricem</span> <span class='ocrx_word' id='word_1_32' title='bbox 1251 1732 1393 1820; x_wconf 74' lang='lat' dir='ltr'>‘fuiffe</span> <span class='ocrx_word' id='word_1_33' title='bbox 1413 1741 1644 1850; x_wconf 87' lang='lat' dir='ltr'>Egyptum</span> <span class='ocrx_word' id='word_1_34' title='bbox 1676 1734 1861 1822; x_wconf 90' lang='lat' dir='ltr'>consen·</span> 
     </span>
     <span class='ocr_line' id='line_1_7' title="bbox 468 1895 1862 2016; baseline 0 -34"><span class='ocrx_word' id='word_1_35' title='bbox 468 1899 594 1984; x_wconf 68' lang='lat' dir='ltr'>‘tiunt</span> <span class='ocrx_word' id='word_1_36' title='bbox 616 1901 803 1986; x_wconf 86' lang='lat' dir='ltr'>eruditi:</span> <span class='ocrx_word' id='word_1_37' title='bbox 839 1901 985 2016; x_wconf 82' lang='lat' dir='ltr'>gravis</span> <span class='ocrx_word' id='word_1_38' title='bbox 1011 1915 1163 1984; x_wconf 86' lang='lat' dir='ltr'>autem</span> <span class='ocrx_word' id='word_1_39' title='bbox 1187 1915 1229 1982; x_wconf 90' lang='lat' dir='ltr'>et</span> <span class='ocrx_word' id='word_1_40' title='bbox 1251 1895 1598 2008; x_wconf 87' lang='lat' dir='ltr'>severa-hujusce</span> <span class='ocrx_word' id='word_1_41' title='bbox 1621 1898 1766 2012; x_wconf 87' lang='lat' dir='ltr'>gentis</span> <span class='ocrx_word' id='word_1_42' title='bbox 1790 1897 1862 1982; x_wconf 87' lang='lat' dir='ltr'>in·</span> 
     </span>
     <span class='ocr_line' id='line_1_8' title="bbox 441 2054 1859 2177; baseline 0 -32"><span class='ocrx_word' id='word_1_43' title='bbox 441 2060 596 2146; x_wconf 88' lang='lat' dir='ltr'>··doles</span> <span class='ocrx_word' id='word_1_44' title='bbox 629 2064 794 2148; x_wconf 89' lang='lat' dir='ltr'>artibus</span> <span class='ocrx_word' id='word_1_45' title='bbox 817 2062 1161 2177; x_wconf 74' lang='lat' dir='ltr'>elegantioribus</span> <span class='ocrx_word' id='word_1_46' title='bbox 1185 2059 1353 2172; x_wconf 42' lang='lat' dir='ltr'>parlim*</span> <span class='ocrx_word' id='word_1_47' title='bbox 1372 2058 1647 2144; x_wconf 76' lang='lat' dir='ltr'>conformata</span> <span class='ocrx_word' id='word_1_48' title='bbox 1671 2054 1859 2145; x_wconf 84' lang='lat' dir='ltr'>videtur.</span> 
     </span>
     <span class='ocr_line' id='line_1_9' title="bbox 444 2201 1860 2337; baseline 0.006 -35"><span class='ocrx_word' id='word_1_49' title='bbox 444 2294 450 2302; x_wconf 89' lang='lat'>.</span> <span class='ocrx_word' id='word_1_50' title='bbox 479 2224 764 2310; x_wconf 85' lang='lat' dir='ltr'>Amoeuiores</span> <span class='ocrx_word' id='word_1_51' title='bbox 790 2215 911 2310; x_wconf 85' lang='lat' dir='ltr'>Afiae</span> <span class='ocrx_word' id='word_1_52' title='bbox 929 2223 1073 2334; x_wconf 90' lang='lat' dir='ltr'>campi</span> <span class='ocrx_word' id='word_1_53' title='bbox 1091 2224 1292 2308; x_wconf 84' lang='lat' dir='ltr'>rivorum</span> <span class='ocrx_word' id='word_1_54' title='bbox 1308 2203 1449 2328; x_wconf 72' lang='lat' dir='ltr'>ladleo</span> <span class='ocrx_word' id='word_1_55' title='bbox 1466 2201 1658 2307; x_wconf 84' lang='lat' dir='ltr'>humore</span> <span class='ocrx_word' id='word_1_56' title='bbox 1677 2222 1860 2337; x_wconf 89' lang='lat' dir='ltr'>irrigati,</span> 
     </span>
     <span class='ocr_line' id='line_1_10' title="bbox 442 2352 1861 2504; baseline -0.003 -32"><span class='ocrx_word' id='word_1_57' title='bbox 442 2435 448 2444; x_wconf 93' lang='lat'>·</span> <span class='ocrx_word' id='word_1_58' title='bbox 478 2390 618 2472; x_wconf 81' lang='lat' dir='ltr'>aether</span> <span class='ocrx_word' id='word_1_59' title='bbox 656 2367 896 2504; x_wconf 80' lang='lat' dir='ltr'>benignus,</span> <span class='ocrx_word' id='word_1_60' title='bbox 940 2383 1160 2496; x_wconf 88' lang='lat' dir='ltr'>flatusque</span> <span class='ocrx_word' id='word_1_61' title='bbox 1201 2384 1388 2468; x_wconf 86' lang='lat' dir='ltr'>Favonii·</span> <span class='ocrx_word' id='word_1_62' title='bbox 1421 2408 1639 2493; x_wconf 89' lang='lat' dir='ltr'>perennes</span> <span class='ocrx_word' id='word_1_63' title='bbox 1674 2383 1728 2466; x_wconf 91' lang='lat' dir='ltr'>ad</span> <span class='ocrx_word' id='word_1_64' title='bbox 1770 2352 1861 2468; x_wconf 78' lang='lat' dir='ltr'>liu·</span> 
     </span>
     <span class='ocr_line' id='line_1_11' title="bbox 442 2539 1860 2667; baseline 0.001 -39"><span class='ocrx_word' id='word_1_65' title='bbox 442 2549 600 2634; x_wconf 78' lang='lat' dir='ltr'>,mani</span> <span class='ocrx_word' id='word_1_66' title='bbox 650 2549 821 2665; x_wconf 89' lang='lat' dir='ltr'>ingenii</span> <span class='ocrx_word' id='word_1_67' title='bbox 867 2539 1029 2635; x_wconf 74' lang='lat' dir='ltr'>florens</span> <span class='ocrx_word' id='word_1_68' title='bbox 1074 2548 1394 2634; x_wconf 88' lang='lat' dir='ltr'>maturandum</span> <span class='ocrx_word' id='word_1_69' title='bbox 1441 2545 1703 2656; x_wconf 90' lang='lat' dir='ltr'>conspirant.</span> <span class='ocrx_word' id='word_1_70' title='bbox 1776 2541 1860 2667; x_wconf 79' lang='lat' dir='ltr'>llic</span> 
     </span>
     <span class='ocr_line' id='line_1_12' title="bbox 445 2677 1859 2821; baseline -0.001 -28"><span class='ocrx_word' id='word_1_71' title='bbox 445 2703 655 2796; x_wconf 81' lang='lat' dir='ltr'>·÷Po&#39;e&#39;seos</span> <span class='ocrx_word' id='word_1_72' title='bbox 700 2711 818 2794; x_wconf 90' lang='lat' dir='ltr'>illius</span> <span class='ocrx_word' id='word_1_73' title='bbox 861 2709 1079 2818; x_wconf 86' lang='lat' dir='ltr'>Principis·</span> <span class='ocrx_word' id='word_1_74' title='bbox 1121 2731 1164 2796; x_wconf 87' lang='lat' dir='ltr'>et</span> <span class='ocrx_word' id='word_1_75' title='bbox 1219 2709 1414 2793; x_wconf 88' lang='lat' dir='ltr'>Parentis</span> <span class='ocrx_word' id='word_1_76' title='bbox 1460 2707 1646 2790; x_wconf 90' lang='lat' dir='ltr'>Homeri</span> <span class='ocrx_word' id='word_1_77' title='bbox 1693 2677 1859 2821; x_wconf 87' lang='lat' dir='ltr'>grande</span> 
     </span>
     <span class='ocr_line' id='line_1_13' title="bbox 449 2849 1857 2980; baseline 0.004 -31"><span class='ocrx_word' id='word_1_78' title='bbox 449 2867 670 2952; x_wconf 76' lang='lat' dir='ltr'>¹i&#39;nso&#39;nuit</span> <span class='ocrx_word' id='word_1_79' title='bbox 706 2875 860 2977; x_wconf 85' lang='lat' dir='ltr'>Epos:</span> <span class='ocrx_word' id='word_1_80' title='bbox 911 2866 987 2950; x_wconf 86' lang='lat' dir='ltr'>hic</span> <span class='ocrx_word' id='word_1_81' title='bbox 1018 2867 1272 2975; x_wconf 85' lang='lat' dir='ltr'>AEschylus‚</span> <span class='ocrx_word' id='word_1_82' title='bbox 1312 2869 1562 2976; x_wconf 88' lang='lat' dir='ltr'>Sophocles,</span> <span class='ocrx_word' id='word_1_83' title='bbox 1585 2849 1588 2857; x_wconf 64' lang='grc'><strong>’</strong></span> <span class='ocrx_word' id='word_1_84' title='bbox 1611 2868 1857 2980; x_wconf 82' lang='lat' dir='ltr'>Euripides²</span> 
     </span>
     <span class='ocr_line' id='line_1_14' title="bbox 449 3025 1856 3142; baseline 0.005 -32"><span class='ocrx_word' id='word_1_85' title='bbox 449 3025 624 3111; x_wconf 81' lang='lat' dir='ltr'>divino</span> <span class='ocrx_word' id='word_1_86' title='bbox 662 3028 865 3139; x_wconf 89' lang='lat' dir='ltr'>quodam·</span> <span class='ocrx_word' id='word_1_87' title='bbox 894 3025 1049 3137; x_wconf 81' lang='lat' dir='ltr'>spirit-u</span> <span class='ocrx_word' id='word_1_88' title='bbox 1090 3027 1242 3132; x_wconf 86' lang='lat' dir='ltr'>afflati,</span> <span class='ocrx_word' id='word_1_89' title='bbox 1271 3028 1536 3142; x_wconf 81' lang='lat' dir='ltr'>tragoediam</span> <span class='ocrx_word' id='word_1_90' title='bbox 1571 3027 1856 3117; x_wconf 86' lang='lat' dir='ltr'>illustravere.</span> 
     </span>
     <span class='ocr_line' id='line_1_15' title="bbox 450 3149 1855 3304; baseline 0.001 -27"><span class='ocrx_word' id='word_1_91' title='bbox 450 3149 635 3277; x_wconf 88' lang='lat' dir='ltr'>·Nativa</span> <span class='ocrx_word' id='word_1_92' title='bbox 663 3187 745 3274; x_wconf 87' lang='lat' dir='ltr'>illa·</span> <span class='ocrx_word' id='word_1_93' title='bbox 772 3187 1044 3274; x_wconf 89' lang='lat' dir='ltr'>Philemonis</span> <span class='ocrx_word' id='word_1_94' title='bbox 1076 3205 1119 3274; x_wconf 89' lang='lat' dir='ltr'>et</span> <span class='ocrx_word' id='word_1_95' title='bbox 1150 3189 1385 3274; x_wconf 83' lang='lat' dir='ltr'>Menandri</span> <span class='ocrx_word' id='word_1_96' title='bbox 1422 3189 1650 3304; x_wconf 86' lang='lat' dir='ltr'>elegantia,</span> <span class='ocrx_word' id='word_1_97' title='bbox 1688 3161 1855 3280; x_wconf 88' lang='lat' dir='ltr'>Aristo-</span> 
     </span>
     <span class='ocr_line' id='line_1_16' title="bbox 453 3348 1943 3463; baseline 0.01 -37"><span class='ocrx_word' id='word_1_98' title='bbox 453 3349 808 3463; x_wconf 71' lang='lat' dir='ltr'>phanis&#39;comici</span> <span class='ocrx_word' id='word_1_99' title='bbox 821 3350 1018 3435; x_wconf 89' lang='lat' dir='ltr'>micuere</span> <span class='ocrx_word' id='word_1_100' title='bbox 1035 3348 1163 3436; x_wconf 89' lang='lat' dir='ltr'>sales:</span> <span class='ocrx_word' id='word_1_101' title='bbox 1189 3353 1343 3436; x_wconf 89' lang='lat' dir='ltr'>molles</span> <span class='ocrx_word' id='word_1_102' title='bbox 1367 3353 1527 3437; x_wconf 88' lang='lat' dir='ltr'>amoris</span> <span class='ocrx_word' id='word_1_103' title='bbox 1552 3353 1856 3440; x_wconf 81' lang='lat' dir='ltr'>cantiunculas</span> <span class='ocrx_word' id='word_1_104' title='bbox 1940 3445 1943 3450; x_wconf 68' lang='grc'>,</span> 
     </span>
     <span class='ocr_line' id='line_1_17' title="bbox 453 3507 1853 3626; baseline 0.002 -27"><span class='ocrx_word' id='word_1_105' title='bbox 453 3512 590 3599; x_wconf 66' lang='lat' dir='ltr'>ludit</span> <span class='ocrx_word' id='word_1_106' title='bbox 628 3507 948 3620; x_wconf 82' lang='lat' dir='ltr'>Mimnermus,</span> <span class='ocrx_word' id='word_1_107' title='bbox 988 3509 1105 3597; x_wconf 87' lang='lat' dir='ltr'>fudit</span> <span class='ocrx_word' id='word_1_108' title='bbox 1123 3539 1214 3598; x_wconf 90' lang='lat' dir='ltr'>non</span> <span class='ocrx_word' id='word_1_109' title='bbox 1238 3512 1401 3600; x_wconf 87' lang='lat' dir='ltr'>filenda</span> <span class='ocrx_word' id='word_1_110' title='bbox 1423 3516 1627 3626; x_wconf 85' lang='lat' dir='ltr'>Sappho:</span> <span class='ocrx_word' id='word_1_111' title='bbox 1665 3517 1853 3624; x_wconf 87' lang='lat' dir='ltr'>Pindari,</span> 
     </span>
    </p>
   </div>
   <div class='ocr_carea' id='block_1_3' title="bbox 455 3651 1857 3790">
    <p class='ocr_par' dir='ltr' id='par_1_3' title="bbox 455 3651 1857 3790">
     <span class='ocr_line' id='line_1_18' title="bbox 455 3651 1857 3790; baseline 0 -28"><span class='ocrx_word' id='word_1_112' title='bbox 455 3675 686 3762; x_wconf 63' lang='lat' dir='ltr'>termulis:</span> <span class='ocrx_word' id='word_1_113' title='bbox 723 3675 871 3781; x_wconf 85' lang='lat' dir='ltr'>instar,</span> <span class='ocrx_word' id='word_1_114' title='bbox 919 3677 1265 3790; x_wconf 86' lang='lat' dir='ltr'>magniloquum</span> <span class='ocrx_word' id='word_1_115' title='bbox 1311 3678 1516 3788; x_wconf 90' lang='lat' dir='ltr'>prorupit</span> <span class='ocrx_word' id='word_1_116' title='bbox 1567 3651 1735 3760; x_wconf 77' lang='lat' dir='ltr'>melos:</span> <span class='ocrx_word' id='word_1_117' title='bbox 1781 3676 1857 3764; x_wconf 85' lang='lat' dir='ltr'>hle</span> 
     </span>
    </p>
   </div>
   <div class='ocr_carea' id='block_1_4' title="bbox 460 3834 1856 5062">
    <p class='ocr_par' dir='ltr' id='par_1_4' title="bbox 460 3834 1856 4916">
     <span class='ocr_line' id='line_1_19' title="bbox 472 3834 1855 3949; baseline 0.001 -26"><span class='ocrx_word' id='word_1_118' title='bbox 472 3838 668 3949; x_wconf 80' lang='lat' dir='ltr'>denique</span> <span class='ocrx_word' id='word_1_119' title='bbox 702 3835 814 3920; x_wconf 90' lang='lat' dir='ltr'>ruris</span> <span class='ocrx_word' id='word_1_120' title='bbox 852 3834 1023 3918; x_wconf 84' lang='lat' dir='ltr'>delicias</span> <span class='ocrx_word' id='word_1_121' title='bbox 1061 3835 1191 3920; x_wconf 88' lang='lat' dir='ltr'>versu</span> <span class='ocrx_word' id='word_1_122' title='bbox 1220 3863 1303 3921; x_wconf 89' lang='lat' dir='ltr'>nec</span> <span class='ocrx_word' id='word_1_123' title='bbox 1338 3837 1440 3922; x_wconf 92' lang='lat' dir='ltr'>rudi</span> <span class='ocrx_word' id='word_1_124' title='bbox 1481 3863 1563 3920; x_wconf 92' lang='lat' dir='ltr'>nec</span> <span class='ocrx_word' id='word_1_125' title='bbox 1587 3836 1855 3924; x_wconf 82' lang='lat' dir='ltr'>inconcinne</span> 
     </span>
     <span class='ocr_line' id='line_1_20' title="bbox 475 3983 1855 4108; baseline 0.004 -27"><span class='ocrx_word' id='word_1_126' title='bbox 475 3999 673 4108; x_wconf 85' lang='lat' dir='ltr'>depinxit</span> <span class='ocrx_word' id='word_1_127' title='bbox 696 3983 976 4082; x_wconf 69' lang='lat' dir='ltr'>Theocritus</span> <span class='ocrx_word' id='word_1_128' title='bbox 1047 3997 1167 4102; x_wconf 88' lang='lat' dir='ltr'>Quid</span> <span class='ocrx_word' id='word_1_129' title='bbox 1193 3995 1230 4080; x_wconf 85' lang='lat' dir='ltr'>sr·</span> <span class='ocrx_word' id='word_1_130' title='bbox 1244 3997 1481 4081; x_wconf 85' lang='lat' dir='ltr'>Historicos</span> <span class='ocrx_word' id='word_1_131' title='bbox 1502 4007 1730 4108; x_wconf 86' lang='lat' dir='ltr'>petamus?</span> <span class='ocrx_word' id='word_1_132' title='bbox 1772 4003 1855 4087; x_wconf 91' lang='lat' dir='ltr'>Hic</span> 
     </span>
     <span class='ocr_line' id='line_1_21' title="bbox 471 4135 1856 4276; baseline 0.004 -32"><span class='ocrx_word' id='word_1_133' title='bbox 471 4157 655 4246; x_wconf 87' lang='lat' dir='ltr'>suavitas</span> <span class='ocrx_word' id='word_1_134' title='bbox 705 4157 930 4264; x_wconf 86' lang='lat' dir='ltr'>Herodoti,</span> <span class='ocrx_word' id='word_1_135' title='bbox 967 4158 1244 4268; x_wconf 89' lang='lat' dir='ltr'>Thucydidis</span> <span class='ocrx_word' id='word_1_136' title='bbox 1284 4161 1488 4276; x_wconf 89' lang='lat' dir='ltr'>gravitas,</span> <span class='ocrx_word' id='word_1_137' title='bbox 1531 4135 1856 4272; x_wconf 89' lang='lat' dir='ltr'>Xenophontea</span> 
     </span>
     <span class='ocr_line' id='line_1_22' title="bbox 470 4303 1853 4436; baseline 0.004 -29"><span class='ocrx_word' id='word_1_138' title='bbox 470 4305 599 4407; x_wconf 85' lang='lat' dir='ltr'>nullo</span> <span class='ocrx_word' id='word_1_139' title='bbox 630 4322 778 4405; x_wconf 90' lang='lat' dir='ltr'>labore</span> <span class='ocrx_word' id='word_1_140' title='bbox 801 4318 1000 4406; x_wconf 87' lang='lat' dir='ltr'>aocerfita</span> <span class='ocrx_word' id='word_1_141' title='bbox 1015 4323 1188 4407; x_wconf 87' lang='lat' dir='ltr'>dicendi</span> <span class='ocrx_word' id='word_1_142' title='bbox 1205 4324 1293 4408; x_wconf 84' lang='lat' dir='ltr'>vis..</span> <span class='ocrx_word' id='word_1_143' title='bbox 1356 4325 1397 4407; x_wconf 85' lang='lat' dir='ltr'>si</span> <span class='ocrx_word' id='word_1_144' title='bbox 1415 4329 1613 4408; x_wconf 89' lang='lat' dir='ltr'>Oratores</span> <span class='ocrx_word' id='word_1_145' title='bbox 1628 4303 1853 4436; x_wconf 87' lang='lat' dir='ltr'>volumus,</span> 
     </span>
     <span class='ocr_line' id='line_1_23' title="bbox 471 4479 1853 4603; baseline 0.004 -36"><span class='ocrx_word' id='word_1_146' title='bbox 471 4479 701 4592; x_wconf 86' lang='lat' dir='ltr'>nusquam·</span> <span class='ocrx_word' id='word_1_147' title='bbox 747 4484 1056 4570; x_wconf 79' lang='lat' dir='ltr'>vehementius</span> <span class='ocrx_word' id='word_1_148' title='bbox 1103 4486 1370 4597; x_wconf 87' lang='lat' dir='ltr'>eloquentiae</span> <span class='ocrx_word' id='word_1_149' title='bbox 1415 4483 1555 4570; x_wconf 89' lang='lat' dir='ltr'>studia</span> <span class='ocrx_word' id='word_1_150' title='bbox 1596 4488 1853 4603; x_wconf 85' lang='lat' dir='ltr'>viguerunt.</span> 
     </span>
     <span class='ocr_line' id='line_1_24' title="bbox 460 4639 1853 4756; baseline 0.004 -26"><span class='ocrx_word' id='word_1_151' title='bbox 460 4639 556 4744; x_wconf 64' lang='lat' dir='ltr'>,ch</span> <span class='ocrx_word' id='word_1_152' title='bbox 596 4643 889 4730; x_wconf 74' lang='lat' dir='ltr'>ineluetabilis</span> <span class='ocrx_word' id='word_1_153' title='bbox 915 4647 992 4731; x_wconf 90' lang='lat' dir='ltr'>illa</span> <span class='ocrx_word' id='word_1_154' title='bbox 1014 4647 1339 4756; x_wconf 58' lang='lat' dir='ltr'>Demosthenis</span> <span class='ocrx_word' id='word_1_155' title='bbox 1387 4650 1441 4734; x_wconf 89' lang='lat' dir='ltr'>ad</span> <span class='ocrx_word' id='word_1_156' title='bbox 1464 4649 1647 4734; x_wconf 90' lang='lat' dir='ltr'>ultimos</span> <span class='ocrx_word' id='word_1_157' title='bbox 1671 4652 1853 4736; x_wconf 82' lang='lat' dir='ltr'>Graeciae</span> 
     </span>
     <span class='ocr_line' id='line_1_25' title="bbox 472 4803 1855 4916; baseline 0.003 -24"><span class='ocrx_word' id='word_1_158' title='bbox 472 4805 605 4916; x_wconf 74' lang='lat' dir='ltr'>fines,</span> <span class='ocrx_word' id='word_1_159' title='bbox 638 4804 691 4893; x_wconf 89' lang='lat' dir='ltr'>ad</span> <span class='ocrx_word' id='word_1_160' title='bbox 714 4803 882 4892; x_wconf 88' lang='lat' dir='ltr'>solium.</span> <span class='ocrx_word' id='word_1_161' title='bbox 901 4809 1244 4896; x_wconf 86' lang='lat' dir='ltr'>Macedonicum.</span> <span class='ocrx_word' id='word_1_162' title='bbox 1271 4809 1530 4900; x_wconf 85' lang='lat' dir='ltr'>fulminavit</span> <span class='ocrx_word' id='word_1_163' title='bbox 1552 4813 1716 4898; x_wconf 89' lang='lat' dir='ltr'>Oratio.</span> <span class='ocrx_word' id='word_1_164' title='bbox 1771 4807 1855 4897; x_wconf 84' lang='lat' dir='ltr'>Hic</span> 
     </span>
    </p>

    <p class='ocr_par' dir='ltr' id='par_1_5' title="bbox 1648 4973 1854 5062">
     <span class='ocr_line' id='line_1_26' title="bbox 1648 4973 1854 5062; baseline 0.015 -4"><span class='ocrx_word' id='word_1_165' title='bbox 1648 4973 1854 5062; x_wconf 88' lang='lat' dir='ltr'>clausulis</span> 
     </span>
    </p>
   </div>
   <div class='ocr_carea' id='block_1_5' title="bbox 0 0 2190 5594">
    <p class='ocr_par' dir='ltr' id='par_1_6' title="bbox 0 0 2190 5594">
     <span class='ocr_line' id='line_1_27' title="bbox 0 0 2190 5594; baseline 0 2"><span class='ocrx_word' id='word_1_166' title='bbox 0 0 2190 5594; x_wconf 95' lang='lat' dir='ltr'> </span> 
     </span>
    </p>
   </div>
  </div>
 </body>
</html>
