<?xml version="1.0" encoding="UTF-8"?>
<!DOCTYPE html PUBLIC "-//W3C//DTD XHTML 1.0 Transitional//EN"
    "http://www.w3.org/TR/xhtml1/DTD/xhtml1-transitional.dtd">
<html xmlns="http://www.w3.org/1999/xhtml" xml:lang="en" lang="en">
 <head>
  <title>
</title>
<meta http-equiv="Content-Type" content="text/html;charset=utf-8" />
  <meta name='ocr-system' content='tesseract 3.04.00' />
  <meta name='ocr-capabilities' content='ocr_page ocr_carea ocr_par ocr_line ocrx_word'/>
</head>
<body>
  <div class='ocr_page' id='page_1' title='image "./inpindariprimum00barfgoog_0137.png"; bbox 0 0 4288 5584; ppageno 0'>
   <div class='ocr_carea' id='block_1_1' title="bbox 1075 161 1336 342">
    <p class='ocr_par' dir='ltr' id='par_1_1' title="bbox 1075 161 1336 342">
     <span class='ocr_line' id='line_1_1' title="bbox 1075 161 1336 342; baseline -0.034 0"><span class='ocrx_word' id='word_1_1' title='bbox 1075 161 1336 342; x_wconf 51' lang='grc' dir='ltr'>(ί)</span> 
     </span>
    </p>
   </div>
   <div class='ocr_carea' id='block_1_2' title="bbox 432 480 1968 609">
    <p class='ocr_par' dir='ltr' id='par_1_2' title="bbox 432 480 1968 609">
     <span class='ocr_line' id='line_1_2' title="bbox 432 480 1968 609; baseline 0.003 -33"><span class='ocrx_word' id='word_1_2' title='bbox 432 480 608 578; x_wconf 90' lang='lat' dir='ltr'>bonum</span> <span class='ocrx_word' id='word_1_3' title='bbox 648 481 734 580; x_wconf 84' lang='lat' dir='ltr'>esse</span> <span class='ocrx_word' id='word_1_4' title='bbox 758 488 939 609; x_wconf 86' lang='lat' dir='ltr'>Civem,</span> <span class='ocrx_word' id='word_1_5' title='bbox 978 524 1063 587; x_wconf 90' lang='lat' dir='ltr'>nec</span> <span class='ocrx_word' id='word_1_6' title='bbox 1087 488 1263 587; x_wconf 92' lang='lat' dir='ltr'>bonum</span> <span class='ocrx_word' id='word_1_7' title='bbox 1297 483 1598 585; x_wconf 89' lang='lat' dir='ltr'>Historicum.</span> <span class='ocrx_word' id='word_1_8' title='bbox 1671 489 1857 584; x_wconf 87' lang='lat' dir='ltr'>Etenim</span> <span class='ocrx_word' id='word_1_9' title='bbox 1880 487 1968 586; x_wconf 63' lang='lat' dir='ltr'>du».</span> 
     </span>
    </p>
   </div>
   <div class='ocr_carea' id='block_1_3' title="bbox 430 671 1963 837">
    <p class='ocr_par' dir='ltr' id='par_1_3' title="bbox 430 671 1963 837">
     <span class='ocr_line' id='line_1_3' title="bbox 430 671 1963 837; baseline 0.009 -46"><span class='ocrx_word' id='word_1_10' title='bbox 430 671 541 829; x_wconf 90' lang='lat' dir='ltr'>plici</span> <span class='ocrx_word' id='word_1_11' title='bbox 565 693 651 795; x_wconf 86' lang='lat' dir='ltr'>hac</span> <span class='ocrx_word' id='word_1_12' title='bbox 674 705 936 834; x_wconf 84' lang='lat' dir='ltr'>partitione,</span> <span class='ocrx_word' id='word_1_13' title='bbox 976 739 1077 834; x_wconf 88' lang='lat' dir='ltr'>quae</span> <span class='ocrx_word' id='word_1_14' title='bbox 1115 687 1212 799; x_wconf 86' lang='lat' dir='ltr'>tani</span> <span class='ocrx_word' id='word_1_15' title='bbox 1235 701 1387 801; x_wconf 91' lang='lat' dir='ltr'>Mores</span> <span class='ocrx_word' id='word_1_16' title='bbox 1422 701 1597 837; x_wconf 88' lang='lat' dir='ltr'>respicit</span> <span class='ocrx_word' id='word_1_17' title='bbox 1634 739 1775 836; x_wconf 90' lang='lat' dir='ltr'>quarn</span> <span class='ocrx_word' id='word_1_18' title='bbox 1816 711 1963 832; x_wconf 82' lang='lat' dir='ltr'>Orati-</span> 
     </span>
    </p>
   </div>
   <div class='ocr_carea' id='block_1_4' title="bbox 354 914 1965 3188">
    <p class='ocr_par' dir='ltr' id='par_1_4' title="bbox 354 898 1963 2332">
     <span class='ocr_line' id='line_1_4' title="bbox 430 914 1963 1050; baseline 0.005 -41"><span class='ocrx_word' id='word_1_19' title='bbox 430 949 583 1034; x_wconf 86' lang='lat' dir='ltr'>onem,</span> <span class='ocrx_word' id='word_1_20' title='bbox 621 951 719 1013; x_wconf 89' lang='lat' dir='ltr'>rem</span> <span class='ocrx_word' id='word_1_21' title='bbox 774 939 922 1013; x_wconf 88' lang='lat' dir='ltr'>totam</span> <span class='ocrx_word' id='word_1_22' title='bbox 972 915 1310 1050; x_wconf 67' lang='lat' dir='ltr'>complectitur.</span> <span class='ocrx_word' id='word_1_23' title='bbox 1384 917 1629 1050; x_wconf 85' lang='lat' dir='ltr'>Utriusque</span> <span class='ocrx_word' id='word_1_24' title='bbox 1676 918 1839 1016; x_wconf 90' lang='lat' dir='ltr'>deinde</span> <span class='ocrx_word' id='word_1_25' title='bbox 1874 914 1963 1020; x_wconf 87' lang='lat' dir='ltr'>vitii</span> 
     </span>
     <span class='ocr_line' id='line_1_5' title="bbox 431 1125 1962 1271; baseline 0.007 -50"><span class='ocrx_word' id='word_1_26' title='bbox 431 1125 670 1226; x_wconf 81' lang='lat' dir='ltr'>certiffima</span> <span class='ocrx_word' id='word_1_27' title='bbox 714 1129 924 1260; x_wconf 84' lang='lat' dir='ltr'>quaedam</span> <span class='ocrx_word' id='word_1_28' title='bbox 965 1133 1095 1271; x_wconf 79' lang='lat' dir='ltr'>ponit</span> <span class='ocrx_word' id='word_1_29' title='bbox 1121 1130 1284 1228; x_wconf 88' lang='lat' dir='ltr'>indicia</span> <span class='ocrx_word' id='word_1_30' title='bbox 1307 1155 1353 1227; x_wconf 91' lang='lat' dir='ltr'>et</span> <span class='ocrx_word' id='word_1_31' title='bbox 1388 1134 1564 1228; x_wconf 86' lang='lat' dir='ltr'>nativos</span> <span class='ocrx_word' id='word_1_32' title='bbox 1588 1128 1716 1264; x_wconf 91' lang='lat' dir='ltr'>quas1</span> <span class='ocrx_word' id='word_1_33' title='bbox 1746 1131 1962 1266; x_wconf 89' lang='lat' dir='ltr'>quosdam</span> 
     </span>
     <span class='ocr_line' id='line_1_6' title="bbox 431 1337 1962 1484; baseline 0.014 -55"><span class='ocrx_word' id='word_1_34' title='bbox 431 1337 701 1438; x_wconf 77' lang='lat' dir='ltr'>charaeteres</span> <span class='ocrx_word' id='word_1_35' title='bbox 720 1382 744 1463; x_wconf 18' lang='lat'>3,</span> <span class='ocrx_word' id='word_1_36' title='bbox 777 1343 887 1440; x_wconf 87' lang='lat' dir='ltr'>mali</span> <span class='ocrx_word' id='word_1_37' title='bbox 928 1347 1101 1477; x_wconf 89' lang='lat' dir='ltr'>quippe</span> <span class='ocrx_word' id='word_1_38' title='bbox 1139 1346 1278 1462; x_wconf 87' lang='lat' dir='ltr'>Civis,</span> <span class='ocrx_word' id='word_1_39' title='bbox 1316 1345 1444 1477; x_wconf 92' lang='lat' dir='ltr'>quod</span> <span class='ocrx_word' id='word_1_40' title='bbox 1491 1345 1801 1480; x_wconf 85' lang='lat' dir='ltr'>Religionem,</span> <span class='ocrx_word' id='word_1_41' title='bbox 1840 1351 1962 1484; x_wconf 91' lang='lat' dir='ltr'>quod</span> 
     </span>
     <span class='ocr_line' id='line_1_7' title="bbox 430 1545 1960 1674; baseline 0.005 -31"><span class='ocrx_word' id='word_1_42' title='bbox 430 1571 643 1644; x_wconf 87' lang='lat' dir='ltr'>mutuam</span> <span class='ocrx_word' id='word_1_43' title='bbox 675 1546 919 1644; x_wconf 85' lang='lat' dir='ltr'>hominurn</span> <span class='ocrx_word' id='word_1_44' title='bbox 958 1551 1121 1647; x_wconf 89' lang='lat' dir='ltr'>Fidem</span> <span class='ocrx_word' id='word_1_45' title='bbox 1145 1545 1405 1644; x_wconf 78' lang='lat' dir='ltr'>labesadiet:</span> <span class='ocrx_word' id='word_1_46' title='bbox 1432 1547 1542 1668; x_wconf 83' lang='lat' dir='ltr'>mali</span> <span class='ocrx_word' id='word_1_47' title='bbox 1559 1575 1712 1648; x_wconf 90' lang='lat' dir='ltr'>autem</span> <span class='ocrx_word' id='word_1_48' title='bbox 1733 1551 1960 1674; x_wconf 89' lang='lat' dir='ltr'>Historici‚</span> 
     </span>
     <span class='ocr_line' id='line_1_8' title="bbox 430 1757 1961 1897; baseline 0.008 -42"><span class='ocrx_word' id='word_1_49' title='bbox 430 1759 556 1893; x_wconf 93' lang='lat' dir='ltr'>quod</span> <span class='ocrx_word' id='word_1_50' title='bbox 581 1757 814 1879; x_wconf 83' lang='lat' dir='ltr'>Falfitatis,</span> <span class='ocrx_word' id='word_1_51' title='bbox 853 1762 977 1894; x_wconf 94' lang='lat' dir='ltr'>quod</span> <span class='ocrx_word' id='word_1_52' title='bbox 1005 1759 1294 1858; x_wconf 85' lang='lat' dir='ltr'>Adulationis</span> <span class='ocrx_word' id='word_1_53' title='bbox 1317 1763 1446 1892; x_wconf 87' lang='lat' dir='ltr'>argui</span> <span class='ocrx_word' id='word_1_54' title='bbox 1468 1760 1642 1894; x_wconf 83' lang='lat' dir='ltr'>possrt3</span> <span class='ocrx_word' id='word_1_55' title='bbox 1683 1767 1808 1897; x_wconf 90' lang='lat' dir='ltr'>quod</span> <span class='ocrx_word' id='word_1_56' title='bbox 1836 1769 1961 1868; x_wconf 91' lang='lat' dir='ltr'>deni·</span> 
     </span>
     <span class='ocr_line' id='line_1_9' title="bbox 354 1977 1963 2121; baseline 0.006 -44"><span class='ocrx_word' id='word_1_57' title='bbox 354 2013 363 2022; x_wconf 87' lang='lat'><strong>·</strong></span> <span class='ocrx_word' id='word_1_58' title='bbox 429 2018 520 2114; x_wconf 88' lang='lat' dir='ltr'>que</span> <span class='ocrx_word' id='word_1_59' title='bbox 561 1982 619 2078; x_wconf 88' lang='lat' dir='ltr'>ab</span> <span class='ocrx_word' id='word_1_60' title='bbox 663 2017 820 2078; x_wconf 89' lang='lat' dir='ltr'>rerum</span> <span class='ocrx_word' id='word_1_61' title='bbox 845 1977 1074 2112; x_wconf 86' lang='lat' dir='ltr'>gestarum</span> <span class='ocrx_word' id='word_1_62' title='bbox 1099 1979 1349 2075; x_wconf 81' lang='lat' dir='ltr'>narratione</span> <span class='ocrx_word' id='word_1_63' title='bbox 1371 1979 1430 2074; x_wconf 91' lang='lat' dir='ltr'>ad</span> <span class='ocrx_word' id='word_1_64' title='bbox 1470 1982 1651 2078; x_wconf 89' lang='lat' dir='ltr'>Monita</span> <span class='ocrx_word' id='word_1_65' title='bbox 1675 2005 1721 2077; x_wconf 85' lang='lat' dir='ltr'>et</span> <span class='ocrx_word' id='word_1_66' title='bbox 1744 1985 1963 2121; x_wconf 88' lang='lat' dir='ltr'>Praecepta</span> 
     </span>
     <span class='ocr_line' id='line_1_10' title="bbox 431 2198 814 2332; baseline -0.021 -32"><span class='ocrx_word' id='word_1_67' title='bbox 431 2203 587 2332; x_wconf 84' lang='lat' dir='ltr'>saepius</span> <span class='ocrx_word' id='word_1_68' title='bbox 611 2198 814 2294; x_wconf 76' lang='lat' dir='ltr'>divertat.</span> 
     </span>
    </p>

    <p class='ocr_par' dir='ltr' id='par_1_5' title="bbox 390 2399 1965 3188">
     <span class='ocr_line' id='line_1_11' title="bbox 499 2399 1962 2541; baseline 0.005 -41"><span class='ocrx_word' id='word_1_69' title='bbox 499 2407 616 2501; x_wconf 84' lang='lat' dir='ltr'>Haec</span> <span class='ocrx_word' id='word_1_70' title='bbox 639 2399 733 2502; x_wconf 90' lang='lat' dir='ltr'>sere</span> <span class='ocrx_word' id='word_1_71' title='bbox 758 2403 861 2502; x_wconf 92' lang='lat' dir='ltr'>sunt</span> <span class='ocrx_word' id='word_1_72' title='bbox 897 2438 1003 2536; x_wconf 73' lang='lat' dir='ltr'>‘quae</span> <span class='ocrx_word' id='word_1_73' title='bbox 1046 2405 1216 2499; x_wconf 90' lang='lat' dir='ltr'>Tacito</span> <span class='ocrx_word' id='word_1_74' title='bbox 1244 2401 1555 2538; x_wconf 85' lang='lat' dir='ltr'>objiciuntur3</span> <span class='ocrx_word' id='word_1_75' title='bbox 1597 2439 1697 2536; x_wconf 87' lang='lat' dir='ltr'>quae</span> <span class='ocrx_word' id='word_1_76' title='bbox 1728 2439 1962 2541; x_wconf 87' lang='lat' dir='ltr'>perperam</span> 
     </span>
     <span class='ocr_line' id='line_1_12' title="bbox 428 2610 1962 2750; baseline 0.003 -35"><span class='ocrx_word' id='word_1_77' title='bbox 428 2621 721 2750; x_wconf 84' lang='lat' dir='ltr'>interpretata</span> <span class='ocrx_word' id='word_1_78' title='bbox 767 2617 974 2714; x_wconf 88' lang='lat' dir='ltr'>Stradam</span> <span class='ocrx_word' id='word_1_79' title='bbox 1003 2615 1299 2748; x_wconf 83' lang='lat' dir='ltr'>impulerunt,</span> <span class='ocrx_word' id='word_1_80' title='bbox 1349 2638 1403 2709; x_wconf 92' lang='lat' dir='ltr'>ut</span> <span class='ocrx_word' id='word_1_81' title='bbox 1426 2610 1639 2712; x_wconf 83' lang='lat' dir='ltr'>inusrtato</span> <span class='ocrx_word' id='word_1_82' title='bbox 1675 2615 1746 2712; x_wconf 90' lang='lat' dir='ltr'>vel</span> <span class='ocrx_word' id='word_1_83' title='bbox 1787 2623 1962 2720; x_wconf 81' lang='lat' dir='ltr'>Criticir</span> 
     </span>
     <span class='ocr_line' id='line_1_13' title="bbox 390 2793 1961 2974; baseline 0.009 -44"><span class='ocrx_word' id='word_1_84' title='bbox 390 2793 394 2796; x_wconf 92' lang='lat'>.</span> <span class='ocrx_word' id='word_1_85' title='bbox 425 2871 553 2934; x_wconf 86' lang='lat' dir='ltr'>more</span> <span class='ocrx_word' id='word_1_86' title='bbox 570 2841 619 2934; x_wconf 95' lang='lat' dir='ltr'>in</span> <span class='ocrx_word' id='word_1_87' title='bbox 637 2873 746 2935; x_wconf 90' lang='lat' dir='ltr'>eum</span> <span class='ocrx_word' id='word_1_88' title='bbox 769 2833 1150 2935; x_wconf 84' lang='lat' dir='ltr'>debaccharetur:</span> <span class='ocrx_word' id='word_1_89' title='bbox 1173 2858 1226 2928; x_wconf 91' lang='lat' dir='ltr'>ur</span> <span class='ocrx_word' id='word_1_90' title='bbox 1248 2829 1506 2964; x_wconf 86' lang='lat' dir='ltr'>scriptorem</span> <span class='ocrx_word' id='word_1_91' title='bbox 1532 2837 1674 2968; x_wconf 89' lang='lat' dir='ltr'>impie</span> <span class='ocrx_word' id='word_1_92' title='bbox 1689 2837 1925 2944; x_wconf 69' lang='lat' dir='ltr'>indoctum</span> <span class='ocrx_word' id='word_1_93' title='bbox 1947 2895 1961 2974; x_wconf 84' lang='lat'>3</span> 
     </span>
     <span class='ocr_line' id='line_1_14' title="bbox 427 3025 1965 3188; baseline 0.002 -37"><span class='ocrx_word' id='word_1_94' title='bbox 427 3079 483 3151; x_wconf 92' lang='lat' dir='ltr'>ut</span> <span class='ocrx_word' id='word_1_95' title='bbox 522 3057 812 3155; x_wconf 88' lang='lat' dir='ltr'>oraculorum</span> <span class='ocrx_word' id='word_1_96' title='bbox 837 3056 1142 3188; x_wconf 72' lang='lat' dir='ltr'>conjedtorem</span> <span class='ocrx_word' id='word_1_97' title='bbox 1163 3076 1300 3182; x_wconf 90' lang='lat' dir='ltr'>atque</span> <span class='ocrx_word' id='word_1_98' title='bbox 1324 3025 1614 3184; x_wconf 84' lang='lat' dir='ltr'>interpretem</span> <span class='ocrx_word' id='word_1_99' title='bbox 1640 3088 1656 3168; x_wconf 84' lang='lat'>3</span> <span class='ocrx_word' id='word_1_100' title='bbox 1702 3076 1755 3147; x_wconf 91' lang='lat' dir='ltr'>ut</span> <span class='ocrx_word' id='word_1_101' title='bbox 1793 3053 1965 3184; x_wconf 84' lang='lat' dir='ltr'>quidvis</span> 
     </span>
    </p>
   </div>
   <div class='ocr_carea' id='block_1_5' title="bbox 268 3265 1968 3844">
    <p class='ocr_par' dir='ltr' id='par_1_6' title="bbox 268 3265 1968 3844">
     <span class='ocr_line' id='line_1_15' title="bbox 426 3265 1965 3407; baseline -0.002 -36"><span class='ocrx_word' id='word_1_102' title='bbox 426 3281 743 3407; x_wconf 87' lang='lat' dir='ltr'>potiusquam</span> <span class='ocrx_word' id='word_1_103' title='bbox 778 3272 1061 3372; x_wconf 85' lang='lat' dir='ltr'>Historicum</span> <span class='ocrx_word' id='word_1_104' title='bbox 1101 3265 1357 3400; x_wconf 84' lang='lat' dir='ltr'>appellaret.</span> <span class='ocrx_word' id='word_1_105' title='bbox 1432 3265 1560 3362; x_wconf 88' lang='lat' dir='ltr'>Subit</span> <span class='ocrx_word' id='word_1_106' title='bbox 1593 3266 1670 3364; x_wconf 91' lang='lat' dir='ltr'>hic</span> <span class='ocrx_word' id='word_1_107' title='bbox 1694 3273 1847 3369; x_wconf 89' lang='lat' dir='ltr'>mirari</span> <span class='ocrx_word' id='word_1_108' title='bbox 1869 3271 1965 3368; x_wconf 81' lang='lat' dir='ltr'>brec</span> 
     </span>
     <span class='ocr_line' id='line_1_16' title="bbox 342 3450 1968 3623; baseline -0.003 -42"><span class='ocrx_word' id='word_1_109' title='bbox 342 3471 346 3482; x_wconf 37' lang='lat'><strong>¹</strong></span> <span class='ocrx_word' id='word_1_110' title='bbox 427 3523 636 3623; x_wconf 86' lang='lat' dir='ltr'>unquam</span> <span class='ocrx_word' id='word_1_111' title='bbox 677 3450 846 3586; x_wconf 77' lang='lat' dir='ltr'>Tacito</span> <span class='ocrx_word' id='word_1_112' title='bbox 886 3482 1004 3577; x_wconf 73' lang='lat' dir='ltr'>diua</span> <span class='ocrx_word' id='word_1_113' title='bbox 1053 3477 1182 3574; x_wconf 78' lang='lat' dir='ltr'>suifl&#39;e</span> <span class='ocrx_word' id='word_1_114' title='bbox 1229 3477 1489 3611; x_wconf 88' lang='lat' dir='ltr'>opprobria,</span> <span class='ocrx_word' id='word_1_115' title='bbox 1529 3479 1704 3576; x_wconf 86' lang='lat' dir='ltr'>nedum</span> <span class='ocrx_word' id='word_1_116' title='bbox 1747 3515 1774 3576; x_wconf 85' lang='lat' dir='ltr'>a</span> <span class='ocrx_word' id='word_1_117' title='bbox 1813 3479 1968 3577; x_wconf 86' lang='lat' dir='ltr'>Strada</span> 
     </span>
     <span class='ocr_line' id='line_1_17' title="bbox 268 3688 1967 3844; baseline -0.01 -34"><span class='ocrx_word' id='word_1_118' title='bbox 268 3719 273 3727; x_wconf 79' lang='grc'><strong>’</strong></span> <span class='ocrx_word' id='word_1_119' title='bbox 426 3703 614 3844; x_wconf 85' lang='lat' dir='ltr'>potuisse</span> <span class='ocrx_word' id='word_1_120' title='bbox 635 3702 738 3800; x_wconf 90' lang='lat' dir='ltr'>dici.</span> <span class='ocrx_word' id='word_1_121' title='bbox 813 3703 938 3794; x_wconf 89' lang='lat' dir='ltr'>Cum</span> <span class='ocrx_word' id='word_1_122' title='bbox 963 3729 1069 3790; x_wconf 88' lang='lat' dir='ltr'>vero</span> <span class='ocrx_word' id='word_1_123' title='bbox 1101 3715 1197 3788; x_wconf 86' lang='lat' dir='ltr'>tam</span> <span class='ocrx_word' id='word_1_124' title='bbox 1223 3688 1339 3791; x_wconf 85' lang='lat' dir='ltr'>latus</span> <span class='ocrx_word' id='word_1_125' title='bbox 1384 3689 1570 3787; x_wconf 89' lang='lat' dir='ltr'>daretur</span> <span class='ocrx_word' id='word_1_126' title='bbox 1613 3693 1795 3830; x_wconf 85' lang='lat' dir='ltr'>dicendi</span> <span class='ocrx_word' id='word_1_127' title='bbox 1835 3731 1967 3794; x_wconf 85' lang='lat' dir='ltr'>cam-</span> 
     </span>
    </p>
   </div>
   <div class='ocr_carea' id='block_1_6' title="bbox 425 3899 1967 4056">
    <p class='ocr_par' dir='ltr' id='par_1_7' title="bbox 425 3899 1967 4056">
     <span class='ocr_line' id='line_1_18' title="bbox 425 3899 1967 4056; baseline -0.018 -34"><span class='ocrx_word' id='word_1_128' title='bbox 425 3961 509 4056; x_wconf 84' lang='lat' dir='ltr'>pus</span> <span class='ocrx_word' id='word_1_129' title='bbox 534 3920 569 4018; x_wconf 88' lang='lat' dir='ltr'>fi</span> <span class='ocrx_word' id='word_1_130' title='bbox 592 3921 747 4016; x_wconf 86' lang='lat' dir='ltr'>omnia</span> <span class='ocrx_word' id='word_1_131' title='bbox 764 3908 1026 4042; x_wconf 83' lang='lat' dir='ltr'>singulatim</span> <span class='ocrx_word' id='word_1_132' title='bbox 1060 3908 1344 4034; x_wconf 82' lang='lat' dir='ltr'>attingerem,</span> <span class='ocrx_word' id='word_1_133' title='bbox 1384 3899 1509 3996; x_wconf 89' lang='lat' dir='ltr'>hunc</span> <span class='ocrx_word' id='word_1_134' title='bbox 1534 3935 1683 3997; x_wconf 90' lang='lat' dir='ltr'>unum</span> <span class='ocrx_word' id='word_1_135' title='bbox 1727 3899 1785 4000; x_wconf 89' lang='lat' dir='ltr'>de</span> <span class='ocrx_word' id='word_1_136' title='bbox 1831 3901 1967 3996; x_wconf 90' lang='lat' dir='ltr'>Reli-</span> 
     </span>
    </p>
   </div>
   <div class='ocr_carea' id='block_1_7' title="bbox 424 4110 1972 4284">
    <p class='ocr_par' dir='ltr' id='par_1_8' title="bbox 424 4110 1972 4284">
     <span class='ocr_line' id='line_1_19' title="bbox 424 4110 1972 4284; baseline -0.018 -45"><span class='ocrx_word' id='word_1_137' title='bbox 424 4147 559 4284; x_wconf 84' lang='lat' dir='ltr'>gi&#39;one</span> <span class='ocrx_word' id='word_1_138' title='bbox 593 4137 752 4233; x_wconf 89' lang='lat' dir='ltr'>locum</span> <span class='ocrx_word' id='word_1_139' title='bbox 784 4127 899 4225; x_wconf 89' lang='lat' dir='ltr'>mibi</span> <span class='ocrx_word' id='word_1_140' title='bbox 940 4121 1224 4258; x_wconf 75' lang='lat' dir='ltr'>potissimum</span> <span class='ocrx_word' id='word_1_141' title='bbox 1272 4113 1545 4213; x_wconf 84' lang='lat' dir='ltr'>desumam:</span> <span class='ocrx_word' id='word_1_142' title='bbox 1586 4110 1619 4209; x_wconf 91' lang='lat' dir='ltr'>s1</span> <span class='ocrx_word' id='word_1_143' title='bbox 1645 4117 1788 4212; x_wconf 91' lang='lat' dir='ltr'>modo</span> <span class='ocrx_word' id='word_1_144' title='bbox 1822 4151 1972 4248; x_wconf 87' lang='lat' dir='ltr'>quam</span> 
     </span>
    </p>
   </div>
   <div class='ocr_carea' id='block_1_8' title="bbox 424 4333 1975 4678">
    <p class='ocr_par' dir='ltr' id='par_1_9' title="bbox 424 4333 1975 4678">
     <span class='ocr_line' id='line_1_20' title="bbox 424 4333 1974 4500; baseline -0.025 -35"><span class='ocrx_word' id='word_1_145' title='bbox 424 4371 574 4500; x_wconf 88' lang='lat' dir='ltr'>pronis</span> <span class='ocrx_word' id='word_1_146' title='bbox 599 4360 782 4460; x_wconf 81' lang='lat' dir='ltr'>auribus</span> <span class='ocrx_word' id='word_1_147' title='bbox 805 4351 916 4488; x_wconf 76' lang='lat' dir='ltr'>pusii</span> <span class='ocrx_word' id='word_1_148' title='bbox 953 4348 1051 4448; x_wconf 85' lang='lat' dir='ltr'>estis</span> <span class='ocrx_word' id='word_1_149' title='bbox 1076 4381 1298 4478; x_wconf 81' lang='lat' dir='ltr'>magnum</span> <span class='ocrx_word' id='word_1_150' title='bbox 1329 4340 1455 4438; x_wconf 90' lang='lat' dir='ltr'>hunc</span> <span class='ocrx_word' id='word_1_151' title='bbox 1478 4339 1583 4432; x_wconf 89' lang='lat' dir='ltr'>artis</span> <span class='ocrx_word' id='word_1_152' title='bbox 1608 4335 1776 4430; x_wconf 86' lang='lat' dir='ltr'>criticae</span> <span class='ocrx_word' id='word_1_153' title='bbox 1799 4333 1974 4465; x_wconf 86' lang='lat' dir='ltr'>magis·</span> 
     </span>
     <span class='ocr_line' id='line_1_21' title="bbox 425 4537 1975 4678; baseline -0.028 -1"><span class='ocrx_word' id='word_1_154' title='bbox 425 4606 550 4678; x_wconf 92' lang='lat' dir='ltr'>trum</span> <span class='ocrx_word' id='word_1_155' title='bbox 583 4573 855 4668; x_wconf 81' lang='lat' dir='ltr'>lacerantem</span> <span class='ocrx_word' id='word_1_156' title='bbox 880 4557 1094 4660; x_wconf 88' lang='lat' dir='ltr'>Historici</span> <span class='ocrx_word' id='word_1_157' title='bbox 1135 4552 1322 4667; x_wconf 84' lang='lat' dir='ltr'>samam,</span> <span class='ocrx_word' id='word_1_158' title='bbox 1362 4547 1522 4646; x_wconf 87' lang='lat' dir='ltr'>iisdem</span> <span class='ocrx_word' id='word_1_159' title='bbox 1546 4566 1593 4640; x_wconf 91' lang='lat' dir='ltr'>et</span> <span class='ocrx_word' id='word_1_160' title='bbox 1628 4537 1829 4641; x_wconf 87' lang='lat' dir='ltr'>nostram</span> <span class='ocrx_word' id='word_1_161' title='bbox 1871 4543 1975 4642; x_wconf 87' lang='lat' dir='ltr'>uti-</span> 
     </span>
    </p>
   </div>
   <div class='ocr_carea' id='block_1_9' title="bbox 348 4747 1973 4923">
    <p class='ocr_par' dir='ltr' id='par_1_10' title="bbox 348 4747 1973 4923">
     <span class='ocr_line' id='line_1_22' title="bbox 348 4747 1973 4923; baseline -0.036 -27"><span class='ocrx_word' id='word_1_162' title='bbox 348 4895 353 4904; x_wconf 73' lang='lat'>,</span> <span class='ocrx_word' id='word_1_163' title='bbox 423 4827 512 4923; x_wconf 87' lang='lat' dir='ltr'>que</span> <span class='ocrx_word' id='word_1_164' title='bbox 536 4788 803 4922; x_wconf 85' lang='lat' dir='ltr'>parvitatem</span> <span class='ocrx_word' id='word_1_165' title='bbox 837 4777 1038 4875; x_wconf 80' lang='lat' dir='ltr'>laceratae</span> <span class='ocrx_word' id='word_1_166' title='bbox 1087 4766 1361 4868; x_wconf 86' lang='lat' dir='ltr'>medicinam</span> <span class='ocrx_word' id='word_1_167' title='bbox 1400 4757 1695 4862; x_wconf 84' lang='lat' dir='ltr'>adhibentem</span> <span class='ocrx_word' id='word_1_168' title='bbox 1719 4751 1838 4892; x_wconf 82' lang='lat' dir='ltr'>aequi</span> <span class='ocrx_word' id='word_1_169' title='bbox 1881 4747 1973 4854; x_wconf 87' lang='lat' dir='ltr'>bo-</span> 
     </span>
    </p>
   </div>
   <div class='ocr_carea' id='block_1_10' title="bbox 423 4966 1978 5149">
    <p class='ocr_par' dir='ltr' id='par_1_11' title="bbox 423 4966 1978 5149">
     <span class='ocr_line' id='line_1_23' title="bbox 423 4966 1978 5149; baseline -0.03 -33"><span class='ocrx_word' id='word_1_170' title='bbox 423 5017 563 5149; x_wconf 87' lang='lat' dir='ltr'>nique</span> <span class='ocrx_word' id='word_1_171' title='bbox 584 5001 834 5144; x_wconf 83' lang='lat' dir='ltr'>patinmiui.</span> <span class='ocrx_word' id='word_1_172' title='bbox 1854 4966 1978 5104; x_wconf 75' lang='lat' dir='ltr'>Jam</span> 
     </span>
    </p>
   </div>
   <div class='ocr_carea' id='block_1_11' title="bbox 0 0 2148 5584">
    <p class='ocr_par' dir='ltr' id='par_1_12' title="bbox 0 0 2148 5584">
     <span class='ocr_line' id='line_1_24' title="bbox 0 0 2148 5584; baseline 0 2"><span class='ocrx_word' id='word_1_173' title='bbox 0 0 2148 5584; x_wconf 95' lang='lat' dir='ltr'> </span> 
     </span>
    </p>
   </div>
  </div>
 </body>
</html>
