4288 5584
993 511 1128 644 (9)

288 695 400 782 tionis
415 691 529 777 fidem
547 687 711 805 flagitat:
739 688 907 803 repudiat
922 680 1111 776 licentiam
1127 681 1406 798 maledidionis,
1434 723 1517 808 qua
1526 695 1667 782 temere
1687 713 1725 780 et
1743 693 1823 778 for-

286 823 386 906 tuitd
399 839 604 934 evagatur,
632 849 701 904 nec
730 819 883 902 liberam
919 819 1177 936 infinitamque
1206 821 1474 956 eloquentiam
1484 824 1644 908 veritatis
1671 815 1824 936 angusti
1861 871 1862 876 ι

288 950 624 1062 circumscriptione
639 951 807 1034 metitur.
992 965 996 976 ‘
1035 1001 1039 1013 .

240 1133 241 1136 κ
341 1079 463 1189 Atqui
479 1099 649 1161 morum
646 1076 726 1159 sere
742 1076 908 1177 oblita,
896 1105 937 1158 ιιι
953 1078 1060 1161 rebus
1079 1077 1237 1190 politicis
1254 1080 1488 1191 potissrmbm
1504 1081 1700 1164 elaborasse
1716 1081 1821 1163 vide-

286 1228 349 1292 tur
365 1207 486 1289 Prisca
503 1203 725 1302 Comoedia3
752 1205 888 1318 quippe
906 1233 990 1314 quae
1002 1207 1119 1314 viguit
1136 1207 1205 1288 sub
1221 1208 1338 1316 idem,
1348 1227 1510 1319 tempus,
1527 1209 1565 1290 in
1583 1211 1714 1292 eadem
1731 1210 1823 1291 civi·

286 1355 375 1441 tate,
394 1337 528 1418 eodem
547 1336 672 1449 spiritu
691 1337 875 1439 instruCta,
894 1337 1026 1420 iisdem¹
1037 1337 1233 1450 aliquando
1251 1357 1289 1420 et
1307 1339 1406 1441 viris,
1421 1343 1438 1449 (
1443 1321 1592 1421 Aristidi
1604 1339 1750 1439 scilicet,
1764 1358 1822 1421 at·

286 1492 362 1576 que
379 1463 575 1567 Alcibiadi,
603 1487 640 1550 et
664 1466 829 1575 Pericli)
856 1467 1008 1564 infensa,
1027 1468 1162 1579 quibus
1180 1468 1451 1566 Ostracismus3
1480 1469 1664 1552 notissima
1683 1468 1768 1568 illa,¹
1794 1468 1819 1548 fi

285 1595 401 1696 voles,
429 1595 604 1680 libertatis
620 1623 687 1680 arx
705 1617 743 1680 et
759 1598 948 1694 custodia3
964 1585 1101 1680 ‘durius
1123 1616 1161 1681 et
1176 1598 1298 1680 verius
1311 1598 1459 1700 dixeris,
1492 1598 1658 1708 populari
1677 1595 1823 1680 invidia

284 1725 430 1806 virtutis
461 1725 613 1834 egregie
639 1728 873 1830 condonatio.
928 1727 1123 1836 integrum
1142 1727 1296 1837 quiddm
1319 1747 1429 1837 atque
1447 1727 1668 1808 inviolatum
1691 1726 1821 1838 populi

285 1854 534 1964 principatum
552 1857 694 1964 semper
710 1856 818 1967 spirat
836 1855 1075 1938 maledicendi
1092 1857 1249 1939 licentia.
1298 1856 1335 1940 si
1361 1857 1443 1966 quis
1472 1853 1568 1936 forte
1588 1858 1743 1936 miretur
1761 1855 1819 1936 di-

286 1981 395 2061 vertis
413 1981 549 2062 saeculis
566 1982 717 2064 diversas
733 1984 780 2063 de
794 1984 931 2064 Graeci
951 1983 1150 2064 Comoedii
1172 1981 1360 2091 opiniones
1379 1982 1477 2091 apud
1498 1985 1690 2066 Romanos
1720 1983 1818 2063 obti-

285 2105 413 2204 nuisse,
441 2110 487 2189 ad
506 2091 632 2189 retum
650 2109 817 2190 civilium
835 2107 1084 2190 conditionem
1105 2107 1142 2187 id
1161 2135 1237 2189 non
1256 2107 1400 2187 dubitet
1415 2107 1560 2191 referre.
1618 2108 1755 2220 Libero
1775 2139 1816 2188 e-

284 2235 366 2316 nim
383 2233 505 2316 adhuc
524 2257 636 2346 atque
659 2238 864 2345 imperante
880 2233 1037 2346 Populo,
1052 2235 1176 2316 Novae
1193 2255 1229 2315 et
1248 2235 1408 2344 politiori
1428 2235 1816 2318 ComoediaeVeterem

278 2381 321 2444 et
340 2366 457 2473 magis
472 2367 660 2449 robustam
678 2367 861 2477 praelatam
881 2365 986 2447 fuisse
1004 2365 1237 2475 accepimus;
1268 2384 1397 2474 utpote
1417 2366 1598 2446 nimitum
1618 2395 1705 2446 cum
1738 2367 1817 2450 elo·

283 2497 451 2600 quentia,
479 2523 562 2606 quae
579 2495 811 2606 popularibus
839 2495 1046 2576 civitatibus
1062 2511 1146 2603 apta
1162 2493 1228 2593 est,
1258 2496 1473 2602 cognatione
1491 2497 1655 2602 quidam
1684 2513 1721 2576 ct
1749 2527 1816 2578 ne·

281 2619 498 2702 ccffitudine
525 2625 774 2729 conjunstam.
830 2625 927 2730 ch.
948 2624 1192 2720 commutata,
1221 2621 1359 2701 virium
1392 2620 1553 2718 laudern,
1583 2649 1663 2730 quae
1693 2625 1818 2706 Prisca

284 2743 489 2827 Comoediae
511 2751 656 2856 propria
673 2750 738 2848 cst,
767 2749 854 2827 vicit
873 2747 1059 2854 elegantia
1075 2746 1201 2853 gratia,
1220 2774 1301 2856 quae
1318 2749 1356 2824 in
1376 2747 1492 2825 Novi
1514 2749 1688 2828 effloruit.
1710 2751 1815 2829 Hinc

284 2870 323 2946 in
342 2869 542 2950 Menandri
560 2872 915 2952 commemoratione
934 2873 1183 2979 parciffimum
1204 2873 1362 2952 invenias
1379 2875 1617 2970 Ciceronem,
1645 2874 1813 2956 effufiffi-

282 3023 394 3078 mum
457 2997 717 3082 uintilianum:
748 2999 851 3078 Hinc
867 2995 1198 3097 Plautinis'salibus,
1215 3003 1445 3108 (quanquam
1466 3002 1635 3081 Mediam
1655 3002 1814 3088 Comoe·

282 3122 384 3204 diam
403 3124 635 3234 potiffimtim
665 3108 862 3233 sapuerint)
891 3125 992 3204 cellit
1011 3127 1123 3205 etiam
1152 3127 1220 3204 snb
1241 3129 1413 3234 Angusto
1435 3129 1605 3209 Terentii
1631 3127 1756 3209 limata
1779 3155 1815 3216 et

281 3251 409 3332 diserta
428 3253 609 3333 urbanitas
620 3283 635 3334 ι
664 3252 751 3332 hinc
781 3255 818 3332 in
846 3252 911 3331 illo
930 3257 1009 3334 vim
1027 3253 1212 3334 comicum
1236 3256 1330 3364 aegrd
1351 3256 1598 3338 defidertrunt
1616 3259 1814 3342 ambitiosae

281 3399 393 3488 atque
409 3379 624 3487 incastigata
639 3405 766 3474 aures;
797 3407 864 3459 nee
883 3377 1057 3460 libertatis
1071 3381 1272 3462 conditioni
1292 3383 1431 3464 suffecit
1450 3384 1549 3464 istius
1567 3369 1723 3484 lenitas,
1737 3390 1814 3466 ser·

281 3507 404 3586 monis
423 3507 633 3615 incorrupti
652 3506 855 3612 integritate
872 3523 1011 3606 ornata,
1041 3505 1159 3587 donec
1178 3529 1213 3588 et
1233 3511 1386 3589 civitatis
1404 3531 1439 3590 ct
1459 3508 1677 3619 eloquentia
1707 3513 1811 3592 colo·

276 3661 361 3713 rem
370 3636 550 3715 Caesarum
565 3636 738 3712 diuturna
751 3633 955 3714 dominatio
968 3637 1113 3743 penittis
1126 3637 1389 3722 immutaverit.
1417 3641 1475 3719 Sic
1487 3638 1651 3747 profesto
1668 3641 1813 3746 quoties

283 3758 424 3866 iegibus
443 3758 575 3838 decern
600 3759 819 3854 tabularum,
848 3783 904 3836 na
928 3783 1033 3855 Qus
1055 3783 1279 3841 ramosum
1306 3787 1546 3842 ernastum
1567 3787 1815 3878 conuenae

284 3883 495 3992 gravissime
508 3886 683 3964 sancitum
696 3884 810 3964 suisle
825 3887 1011 3981 recordor,
1040 3887 1145 3966 toties
1164 3887 1201 3965 id
1215 3889 1310 3968 mihi
1325 3911 1470 3970 certum
1486 3891 1602 3971 habeo
1604 3893 1814 4002 ,popularis

282 4015 389 4123 Reip.
408 4013 673 4092 extinctionem
694 4013 835 4092 scribet
855 4013 1058 4092 constantir
1078 4015 1246 4120 eogitdsse
1268 4019 1519 4102 Decemviros.

333 4141 500 4222 intuenti
530 4143 617 4220 verb
649 4141 809 4250 cuipiam
837 4141 970 4220 mentis
996 4141 1167 4230 humanae
1195 4143 1370 4222 discursus
1388 4165 1499 4251 atque
1517 4146 1738 4252 agitationes,
1772 4150 1807 4230 id

277 4269 437 4349 demltm
457 4267 609 4366 constat,
639 4267 774 4374 scriptis
810 4267 939 4347 libellis
958 4269 1073 4376 quim
1095 4271 1300 4348 Comoediae
1327 4273 1440 4350 tutibs
1471 4275 1567 4352 credi
1595 4273 1806 4372 licentiam;

281 4427 354 4478 non
374 4395 523 4477 tantiam
539 4397 624 4504 quia
642 4397 779 4476 aliaest
799 4399 836 4475 in
856 4397 1047 4506 spectando
1065 4399 1240 4499 incitati0,
1268 4399 1336 4480 alia
1356 4402 1391 4479 in
1425 4399 1577 4508 legendo
1602 4399 1777 4483 modestia
1794 4449 1806 4507 t

277 4527 339 4606 sed
367 4523 452 4630 quia
471 4521 515 4601 ad
533 4521 736 4602 affectuum
758 4523 918 4631 impetus
945 4525 1195 4634 excipiendos,
1215 4553 1303 4606 curn
1324 4553 1587 4636 congregamur
1601 4550 1637 4609 et
1658 4531 1805 4638 praescr..

272 4655 348 4729 tim
363 4675 450 4728 curn
469 4645 582 4727 otiose
601 4645 787 4746 feriamur,
817 4649 932 4754 quarn
951 4677 1039 4729 curn
1057 4649 1122 4730 soli
1139 4672 1248 4758 atque
1265 4655 1433 4764 occupati
1448 4653 1628 4753 sedemus,
1655 4653 1806 4762 ingenio

278 4775 485 4890 procliviori
505 4773 697 4855 nascimur.
754 4777 799 4854 In
818 4777 1007 4862 decantato
1026 4777 1095 4856 islo
1114 4779 1321 4886 *apologq
1349 4777 1443 4890 quo'
1461 4782 1528 4862 sub
1552 4781 1713 4888 imagine
1731 4782 1803 4864 liris

275 4927 383 5016 atque
394 4904 547 4984 astionis
566 4905 827 4984 administratio
842 4905 942 5000 belli,
969 4927 1147 5014 regnante
1163 4908 1285 5002 Annei,
1305 4937 1373 5018 pto
1384 4913 1541 5020 Europe
1559 4909 1683 5009 salute,
1696 4937 1802 5017 egre.

854 5091 873 5126 ⁸
891 5089 1003 5170 fflssory
1024 5090 1060 5150 os
1077 5091 1153 5174 John
1165 5091 1235 5158 Bull.

1008 5209 1040 5290 B
1555 5301 1560 5306 ,
1749 5213 1807 5320 gisi
