4288 5584
1046 255 1069 410 t
1162 106 1253 370 '10ss
1319 245 1342 406 t

449 585 603 658 tamen
626 558 790 693 ipsum,
827 555 1004 660 etiamsi
1029 559 1276 659 commoda
1298 559 1363 658 rei
1389 548 1575 694 hujusce
1606 525 1978 694 interpretatioa

401 820 404 828 ·
449 772 617 868 Tacito
646 770 741 901 peti
763 774 986 903 nequiret,
1011 771 1155 907 posset
1171 798 1408 905 utcunque
1426 769 1532 870 ferri
1554 770 1603 870 in
1619 769 1824 890 homine,
1850 775 1959 871 arti·

285 1023 287 1030 ⁴
447 1017 530 1078 urn
546 983 849 1112 ingenuarum
872 978 1197 1115 literarumque
1220 947 1547 1083 humaniorum
1566 980 1722 1130 studiis
1735 984 1836 1082 satis
1858 991 1960 1120 quia

447 1193 555 1292 dem
578 1175 776 1314 exculto,
814 1222 861 1294 at
886 1197 1099 1296 divinitus
1138 1197 1351 1333 patesatti
1374 1196 1519 1297 futuri
1541 1233 1694 1296 rerum
1717 1195 1855 1297 status
1877 1237 1971 1336 pe--
2107 1193 2108 1212 Ν

447 1408 567 1502 nitus
593 1411 779 1539 ignaro:
820 1413 902 1540 qui
926 1413 1005 1507 in⁸
1035 1423 1072 1537 ·“
1096 1410 1204 1507 saeva
1240 1445 1293 1506 ea
1327 1433 1372 1506 et
1395 1407 1553 1507 infesta
1577 1406 1816 1506 virtutibus
1839 1431 1960 1506 tem*

455 1635 487 1682 “
522 1621 662 1754 pora”
705 1621 939 1742 inciderat,
977 1625 1158 1757 quibus,
1196 1624 1293 1758 ipso
1322 1623 1556 1745 referente,
1596 1626 1803 1722 “omnis
1845 1623 1971 1722 bona

447 1849 481 1898 “
517 1870 588 1931 ars
616 1836 666 1930 in
686 1834 874 1933 exilium
898 1835 1129 1971 agebatur,
1162 1873 1221 1935 ne
1252 1833 1363 1970 quid
1386 1836 1578 1969 usquam
1600 1833 1841 1934 honestum
1873 1871 1959 1933 oc·
2107 1785 2108 1872 s

447 2060 479 2106 “
515 2043 763 2143 curreret.'’
835 2055 988 2180 Qrare
1024 2047 1059 2146 fi
1084 2051 1250 2148 nimius
1267 2087 1407 2184 prope
1432 2055 1479 2148 in
1495 2050 1727 2185 jacentem
1749 2051 1956 2182 patriam,

444 2263 610 2357 nimius
626 2265 673 2356 in
688 2263 959 2362 morientem
982 2268 1196 2364 virtutem
1219 2301 1348 2363 amor
1372 2261 1596 2360 aculeatas·
1610 2260 1825 2393 quasdam
1862 2263 1967 2358 Ta·-

443 2479 537 2573 cito
561 2512 691 2573 voces
715 2479 1000 2611 expresserit3
1029 2451 1213 2576 honesta
1235 2476 1330 2584 haec
1347 2512 1590 2611 erumpens
1607 2484 1784 2610 pestore
1800 2477 1955 2609 indig-

442 2693 569 2792 natio
608 2695 786 2825 pietatis
810 2695 1097 2793 excusatione
1132 2693 1204 2791 vel
1227 2692 1410 2790 laudem
1432 2695 1487 2788 iis
1510 2688 1578 2786 vel
1612 2693 1793 2787 veniam
1829 2727 1963 2788 com-

409 2905 627 3043 'pararet
698 2918 839 3013 Porro
872 2912 908 3011 fi
942 2949 1042 3045 quae
1063 2910 1279 3045 ambigua
1324 2911 1483 3054 magis,
1521 2931 1601 3004 aut
1632 2907 1771 3041 paulo
1806 2905 1961 3006 forsan

354 3228 357 3244 ,
440 3127 696 3226 obscuriora
735 3155 1000 3249 occurrant,
1038 3166 1191 3228 nonne
1225 3129 1302 3227 illa
1333 3163 1515 3264 aequum
1561 3124 1617 3224 fit
1650 3126 1709 3223 ad
1753 3153 1956 3226 mentem

438 3367 599 3429 eorum
622 3372 723 3466 quae
746 3365 929 3471 pateant
945 3341 1259 3474 interpretari?
1281 3347 1449 3472 Neque
1463 3375 1568 3436 vero
1584 3375 1677 3436 non
1699 3336 1799 3435 satis
1815 3337 1962 3434 causa*

437 3539 502 3639 est
526 3579 608 3641 cur
645 3546 692 3643 id
728 3543 960 3666 faciamus,
997 3587 1106 3648 cum
1153 3504 1230 3646 hic
1271 3545 1823 3680 divinambvigilantiam,
1860 3542 1963 3640 illie

439 3769 453 3815 ⁵
487 3771 829 3903 benignitatem,
856 3766 965 3866 alibi
986 3775 1009 3826 ἵ
1024 3764 1243 3887 savorem,
1281 3765 1503 3896 nusquam
1544 3797 1639 3858 non
1658 3762 1673 3810 ⁵
1694 3757 1950 3892 potentiam
2107 3717 2108 3728 ᾖ

433 3979 447 4027 “’
474 3932 787 4118 justitiamque
809 3977 1037 4109 agnoscat.

349 4201 353 4210 ’
502 4195 657 4323 Qram
698 4206 834 4286 nonc
871 4187 1157 4288 ‘felicissime
1198 4187 1319 4320 apud
1361 4184 1493 4284 illum
1533 4184 1724 4280 crimina
1757 4175 1966 4313 patrata*

431 4401 532 4522 sant,
559 4404 741 4504 testatur
762 4427 920 4502 contra
937 4383 1140 4499 Strariam
1165 4401 1391 4519 Tiberius,
1430 4375 1615 4496 testatur
1638 4401 1805 4493 Nero:
1833 4425 1959 4524 quos

480 4687 494 4716 ⁸
518 4677 592 4748 Vir.
611 4677 735 4774 Agric.
754 4678 778 4752 i.
808 4701 844 4765 2,
887 4677 910 4718 '⁵
927 4685 954 4722 ‘⁸
975 4671 1130 4748 Ncstem
1152 4670 1322 4744 fideribus
1346 4671 1530 4758 illustrem,
1547 4682 1583 4742 et
1600 4663 1742 4766 placido
1760 4665 1846 4740 mari
1865 4661 1959 4784 qui-

427 4831 455 4871 ‘⁸
481 4821 702 4919 etam,qnas1
718 4821 1002 4896 convincendum
1021 4821 1064 4895 ad
1087 4819 1199 4892 scetus
1216 4819 1265 4893 dii
1286 4816 1504 4917 praebuire.”
1529 4815 1664 4896 Annas.
1683 4817 1757 4888 xiv.
1790 4837 1825 4922 53
1853 4807 1963 4896 vide

426 4971 539 5048 etiaro
555 4969 684 5084 Adonai,
702 4967 763 5041 xii.
783 4993 842 5064 43.
875 4970 932 5040 De
950 4967 1075 5042 morib.
1095 4967 1263 5068 German,
1283 4990 1303 5063 3
1311 4987 1344 5062 3.
1373 4962 1555 5042 Annal.·i.
1576 4984 1635 5061 30.
1655 4962 1730 5039 xiv.
1753 4981 1813 5058 35.
1845 4953 1967 5032 Hist.

426 5114 616 5211 ii'1.72.iv⁴
636 5138 697 5214 57.
750 5115 895 5190 ‘Strati
915 5113 1001 5192 ibid.
1252 5103 1255 5110 ’
1961 5193 1968 5206 ,

1774 5259 1810 5373 .“
1845 5279 1976 5353 non
