4288 5584
994 445 1028 600 κ
1109 439 1302 596 14)

445 705 536 818 boc
588 720 828 818 inventum
882 716 1061 816 tamdiu
1124 715 1319 815 tenebris
1366 719 1647 847 involutum,
1696 725 1745 823 id
1796 725 1861 826 ab

447 885 678 982 Harvaro
698 879 855 984 nostro
882 878 1079 979 munisse
1104 880 1279 1015 patebit
1299 919 1319 1000 3
1358 884 1475 1013 Qri,

798 1191 995 1285 Exortus
1036 1185 1106 1282 uti
1153 1182 1370 1296 aethereus
1414 1183 1498 1306 sol,

453 1507 697 1640 caliginem
736 1495 954 1634 dispersit,
979 1523 1188 1599 veterum
1212 1500 1438 1600 theoriam
1464 1503 1645 1636 penitus
1684 1507 1868 1630 evertit,

455 1666 584 1766 suam
634 1660 884 1798 proposuit,
920 1661 1158 1796 explicuit,
1202 1661 1571 1799 argumentisque
1602 1694 1649 1766 et
1685 1672 1869 1802 experi-

455 1832 623 1928 mentis
659 1853 706 1924 et
730 1823 1068 1926 dissertionibus
1091 1820 1410 1964 confirmavit3
1449 1861 1550 1957 quae
1585 1830 1743 1928 onmia
1766 1827 1871 1928 satie

455 1985 768 2105 demonstrant
795 2023 905 2088 eum
929 1991 1022 2086 veri
1047 1987 1193 2107 modi,
1210 2020 1307 2128 quo
1331 1984 1558 2120 sanguinis
1579 1991 1665 2086 iter
1687 1995 1871 2126 peragi·
1992 1971 2000 1978 ’

452 2177 549 2277 rur,
575 2149 723 2250 solum
747 2149 833 2248 esse
857 2152 1160 2250 inventorem.

525 2449 576 2546 N
588 2477 652 2542 ac
682 2444 836 2546 minus
878 2435 1068 2538 feliciter
1105 2444 1152 2538 in
1190 2413 1481 2572 generatione
1504 2422 1871 2549 animaliumin-

458 2602 722 2742 vestigandi
763 2603 807 2700 se
849 2607 1081 2723 exercui't3
1119 2580 1447 2700 observationes
1495 2602 1608 2700 item
1655 2605 1874 2739 plurimas

459 2796 557 2867 tarn
597 2766 900 2908 Anatomiam
935 2799 1080 2900 quarn
1122 2751 1564 2902 medicum-,pratrirr
1608 2766 1873 2904 speeluntes,

458 2929 596 3030 multi
640 2926 804 3024 laboris
842 2949 888 3022 et
921 2923 1056 3022 studii
1095 2913 1285 3050 fruetus,
1313 2920 1488 3061 publici
1507 2926 1624 3064 juris
1653 2925 1873 3050 fassurus,

457 3089 544 3189 nis1
594 3087 716 3186 bello
775 3086 897 3185 civili
931 3112 978 3182 et
1022 3091 1225 3220 partium
1272 3080 1423 3180 surore
1459 3086 1754 3218 grassantibus
1792 3125 1876 3225 pe·

458 3249 645 3366 iissent,
682 3281 925 3379 nunquam
947 3245 1185 3380 reparabili
1216 3279 1302 3342 nec
1324 3243 1424 3346 satis
1448 3241 1662 3346 deflendo
1684 3249 1880 3352 humani

461 3411 636 3542 generis
659 3407 846 3506 damno.

532 3727 789 3824 Tauneu
815 3718 916 3860 post
945 3724 1087 3818 vitam
1129 3718 1178 3814 in
1221 3744 1316 3816 arte
1354 3717 1534 3862 salutari
1564 3723 1878 3864 promovendi

461 3881 742 4015 insumptam
782 3909 829 3979 et
866 3879 1244 4016 splendidisfima,
1292 3881 1446 4015 quoad
1483 3884 1673 4024 vixeram
1709 3889 1880 3984 arn'oris

462 4079 567 4174 erga
593 4039 710 4142 hanc
748 4043 948 4145 nostram
983 4042 1320 4180 rempublicam
1345 4041 1602 4184 testimonia
1626 4045 1686 4147 ab
1720 4081 1775 4146 eo
1798 4081 1880 4143 ex-

463 4203 622 4325 hibita,
660 4206 788 4300 annis
812 4231 858 4301 et
881 4207 1055 4304 honore
1078 4205 1256 4345 plenus,

555 4524 793 4618 Summam
823 4559 909 4622 nec
931 4547 1138 4624 metuens
1164 4520 1307 4636 diem,
1335 4555 1421 4618 nec
1446 4548 1624 4658 optans,
