<?xml version="1.0" encoding="UTF-8"?>
<!DOCTYPE html PUBLIC "-//W3C//DTD XHTML 1.0 Transitional//EN"
    "http://www.w3.org/TR/xhtml1/DTD/xhtml1-transitional.dtd">
<html xmlns="http://www.w3.org/1999/xhtml" xml:lang="en" lang="en">
 <head>
  <title>
</title>
<meta http-equiv="Content-Type" content="text/html;charset=utf-8" />
  <meta name='ocr-system' content='tesseract 3.04.00' />
  <meta name='ocr-capabilities' content='ocr_page ocr_carea ocr_par ocr_line ocrx_word'/>
</head>
<body>
  <div class='ocr_page' id='page_1' title='image "./inpindariprimum00barfgoog_0148.png"; bbox 0 0 4288 5584; ppageno 0'>
   <div class='ocr_carea' id='block_1_1' title="bbox 862 57 1171 218">
    <p class='ocr_par' dir='ltr' id='par_1_1' title="bbox 838 57 1171 218">
     <span class='ocr_line' id='line_1_1' title="bbox 862 57 1171 218; baseline 0.012 -6.712"><span class='ocrx_word' id='word_1_1' title='bbox 862 57 889 214; x_wconf 89' lang='lat'><strong>·(</strong></span> <span class='ocrx_word' id='word_1_2' title='bbox 983 95 1054 207; x_wconf 75' lang='lat'><strong>1³</strong></span> <span class='ocrx_word' id='word_1_3' title='bbox 1147 57 1171 218; x_wconf 81' lang='lat' dir='ltr'><strong>l</strong></span> 
     </span>
    </p>
   </div>
   <div class='ocr_carea' id='block_1_2' title="bbox 289 353 1838 472">
    <p class='ocr_par' dir='ltr' id='par_1_2' title="bbox 289 353 1838 472">
     <span class='ocr_line' id='line_1_2' title="bbox 289 353 1838 472; baseline 0.009 -13"><span class='ocrx_word' id='word_1_4' title='bbox 289 361 475 460; x_wconf 78' lang='lat' dir='ltr'><strong>Etenim</strong></span> <span class='ocrx_word' id='word_1_5' title='bbox 498 387 600 455; x_wconf 88' lang='lat' dir='ltr'><strong>vere</strong></span> <span class='ocrx_word' id='word_1_6' title='bbox 622 353 739 457; x_wconf 88' lang='lat' dir='ltr'><strong>milri</strong></span> <span class='ocrx_word' id='word_1_7' title='bbox 764 354 1031 462; x_wconf 88' lang='lat' dir='ltr'><strong>hoc·videor</strong></span> <span class='ocrx_word' id='word_1_8' title='bbox 1063 364 1149 464; x_wconf 68' lang='lat' dir='ltr'><strong>elle</strong></span> <span class='ocrx_word' id='word_1_9' title='bbox 1187 365 1390 465; x_wconf 71' lang='lat' dir='ltr'><strong>dieturus</strong></span> <span class='ocrx_word' id='word_1_10' title='bbox 1410 409 1424 463; x_wconf 77' lang='grc' dir='ltr'><em>τ</em></span> <span class='ocrx_word' id='word_1_11' title='bbox 1441 425 1445 432; x_wconf 88' lang='grc'><em>·</em></span> <span class='ocrx_word' id='word_1_12' title='bbox 1461 367 1541 468; x_wconf 83' lang='lat' dir='ltr'><strong>etli</strong></span> <span class='ocrx_word' id='word_1_13' title='bbox 1572 405 1733 472; x_wconf 80' lang='lat' dir='ltr'><strong>omnes</strong></span> <span class='ocrx_word' id='word_1_14' title='bbox 1833 447 1838 457; x_wconf 84' lang='lat'>-</span> 
     </span>
    </p>
   </div>
   <div class='ocr_carea' id='block_1_3' title="bbox 220 575 1733 718">
    <p class='ocr_par' dir='ltr' id='par_1_3' title="bbox 220 575 1733 718">
     <span class='ocr_line' id='line_1_3' title="bbox 220 575 1733 718; baseline 0.004 -40"><span class='ocrx_word' id='word_1_15' title='bbox 220 584 431 680; x_wconf 91' lang='lat' dir='ltr'><strong>omnium</strong></span> <span class='ocrx_word' id='word_1_16' title='bbox 444 601 640 676; x_wconf 81' lang='lat' dir='ltr'><strong>¹aetatum</strong></span> <span class='ocrx_word' id='word_1_17' title='bbox 662 577 894 714; x_wconf 83' lang='lat' dir='ltr'>scriptores</span> <span class='ocrx_word' id='word_1_18' title='bbox 930 575 1102 678; x_wconf 89' lang='lat' dir='ltr'><strong>famam</strong></span> <span class='ocrx_word' id='word_1_19' title='bbox 1132 586 1287 700; x_wconf 86' lang='lat' dir='ltr'>Taciti</span> <span class='ocrx_word' id='word_1_20' title='bbox 1323 583 1563 718; x_wconf 81' lang='lat' dir='ltr'>laudesque</span> <span class='ocrx_word' id='word_1_21' title='bbox 1586 585 1733 686; x_wconf 82' lang='lat' dir='ltr'><strong>nostra</strong></span> 
     </span>
    </p>
   </div>
   <div class='ocr_carea' id='block_1_4' title="bbox 217 792 1731 932">
    <p class='ocr_par' dir='ltr' id='par_1_4' title="bbox 217 768 1731 932">
     <span class='ocr_line' id='line_1_4' title="bbox 217 792 1731 932; baseline 0.006 -43"><span class='ocrx_word' id='word_1_22' title='bbox 217 793 278 889; x_wconf 71' lang='lat' dir='ltr'><strong>ad</strong></span> <span class='ocrx_word' id='word_1_23' title='bbox 308 792 450 926; x_wconf 88' lang='lat' dir='ltr'><strong>usque</strong></span> <span class='ocrx_word' id='word_1_24' title='bbox 487 818 694 926; x_wconf 86' lang='lat' dir='ltr'><strong>tempora</strong></span> <span class='ocrx_word' id='word_1_25' title='bbox 733 798 1118 931; x_wconf 79' lang='lat' dir='ltr'><strong>propagaverint3</strong></span> <span class='ocrx_word' id='word_1_26' title='bbox 1156 795 1304 930; x_wconf 89' lang='lat' dir='ltr'><strong>ipsum</strong></span> <span class='ocrx_word' id='word_1_27' title='bbox 1325 822 1477 896; x_wconf 87' lang='lat' dir='ltr'><strong>tamen</strong></span> <span class='ocrx_word' id='word_1_28' title='bbox 1515 798 1731 932; x_wconf 89' lang='lat' dir='ltr'><strong>pulcher-</strong></span> 
     </span>
    </p>
   </div>
   <div class='ocr_carea' id='block_1_5' title="bbox 218 1011 1734 1150">
    <p class='ocr_par' dir='ltr' id='par_1_5' title="bbox 218 1011 1734 1150">
     <span class='ocr_line' id='line_1_5' title="bbox 218 1011 1734 1150; baseline 0.007 -42"><span class='ocrx_word' id='word_1_29' title='bbox 218 1015 385 1115; x_wconf 87' lang='lat' dir='ltr'>rimam</span> <span class='ocrx_word' id='word_1_30' title='bbox 433 1011 901 1150; x_wconf 78' lang='lat' dir='ltr'><strong>praeclarillrmamque</strong></span> <span class='ocrx_word' id='word_1_31' title='bbox 942 1011 1009 1112; x_wconf 91' lang='lat' dir='ltr'><strong>sui</strong></span> <span class='ocrx_word' id='word_1_32' title='bbox 1055 1014 1303 1146; x_wconf 86' lang='lat' dir='ltr'><strong>imaginem</strong></span> <span class='ocrx_word' id='word_1_33' title='bbox 1351 1016 1458 1110; x_wconf 86' lang='lat' dir='ltr'><strong>vivis</strong></span> <span class='ocrx_word' id='word_1_34' title='bbox 1501 1014 1734 1120; x_wconf 80' lang='lat' dir='ltr'><strong>coloribus&#39;</strong></span> 
     </span>
    </p>
   </div>
   <div class='ocr_carea' id='block_1_6' title="bbox 89 1218 1869 4363">
    <p class='ocr_par' dir='ltr' id='par_1_6' title="bbox 89 1218 1869 4363">
     <span class='ocr_line' id='line_1_6' title="bbox 217 1218 1727 1358; baseline 0.003 -38"><span class='ocrx_word' id='word_1_35' title='bbox 217 1253 360 1320; x_wconf 86' lang='lat' dir='ltr'><strong>manu</strong></span> <span class='ocrx_word' id='word_1_36' title='bbox 407 1223 484 1322; x_wconf 86' lang='lat' dir='ltr'><strong>sua</strong></span> <span class='ocrx_word' id='word_1_37' title='bbox 522 1225 748 1358; x_wconf 69' lang='lat' dir='ltr'><strong>depittam</strong></span> <span class='ocrx_word' id='word_1_38' title='bbox 787 1223 1025 1358; x_wconf 74' lang='lat' dir='ltr'><strong>reliquisse.</strong></span> <span class='ocrx_word' id='word_1_39' title='bbox 1101 1219 1262 1322; x_wconf 86' lang='lat' dir='ltr'><strong>Testor</strong></span> <span class='ocrx_word' id='word_1_40' title='bbox 1296 1218 1582 1322; x_wconf 86' lang='lat' dir='ltr'><strong>elaboratum</strong></span> <span class='ocrx_word' id='word_1_41' title='bbox 1614 1227 1727 1325; x_wconf 88' lang='lat' dir='ltr'><strong>illud</strong></span> 
     </span>
     <span class='ocr_line' id='line_1_7' title="bbox 89 1433 1725 1576; baseline 0.007 -43"><span class='ocrx_word' id='word_1_42' title='bbox 89 1460 98 1473; x_wconf 89' lang='lat'>&#39;</span> <span class='ocrx_word' id='word_1_43' title='bbox 217 1459 266 1532; x_wconf 88' lang='lat' dir='ltr'><strong>et</strong></span> <span class='ocrx_word' id='word_1_44' title='bbox 286 1437 545 1536; x_wconf 81' lang='lat' dir='ltr'><strong>immortale</strong></span> <span class='ocrx_word' id='word_1_45' title='bbox 566 1433 697 1573; x_wconf 50' lang='lat' dir='ltr'><strong>opus&#39;‚</strong></span> <span class='ocrx_word' id='word_1_46' title='bbox 734 1437 1143 1574; x_wconf 85' lang='lat' dir='ltr'><strong>praestautiffimum</strong></span> <span class='ocrx_word' id='word_1_47' title='bbox 1166 1477 1277 1538; x_wconf 88' lang='lat' dir='ltr'><strong>eum</strong></span> <span class='ocrx_word' id='word_1_48' title='bbox 1302 1477 1487 1542; x_wconf 88' lang='lat' dir='ltr'><strong>morum</strong></span> <span class='ocrx_word' id='word_1_49' title='bbox 1511 1445 1604 1576; x_wconf 88' lang='lat' dir='ltr'><strong>ejus</strong></span> <span class='ocrx_word' id='word_1_50' title='bbox 1623 1477 1725 1544; x_wconf 88' lang='lat' dir='ltr'><strong>tum</strong></span> 
     </span>
     <span class='ocr_line' id='line_1_8' title="bbox 216 1656 1725 1792; baseline 0.007 -40"><span class='ocrx_word' id='word_1_51' title='bbox 216 1656 386 1788; x_wconf 89' lang='lat' dir='ltr'><strong>ingenii</strong></span> <span class='ocrx_word' id='word_1_52' title='bbox 431 1663 809 1781; x_wconf 68' lang='lat' dir='ltr'><strong>monimentum</strong></span> <span class='ocrx_word' id='word_1_53' title='bbox 849 1659 977 1791; x_wconf 92' lang='lat' dir='ltr'><strong>quod</strong></span> <span class='ocrx_word' id='word_1_54' title='bbox 1018 1661 1186 1792; x_wconf 84' lang='lat' dir='ltr'><strong>vigebit</strong></span> <span class='ocrx_word' id='word_1_55' title='bbox 1220 1663 1438 1788; x_wconf 80' lang='lat' dir='ltr'><strong>memoria</strong></span> <span class='ocrx_word' id='word_1_56' title='bbox 1472 1660 1725 1762; x_wconf 87' lang='lat' dir='ltr'><strong>seculorum</strong></span> 
     </span>
     <span class='ocr_line' id='line_1_9' title="bbox 139 1851 1725 2009; baseline -0.003 -37"><span class='ocrx_word' id='word_1_57' title='bbox 139 1959 149 1972; x_wconf 79' lang='lat'>.</span> <span class='ocrx_word' id='word_1_58' title='bbox 220 1851 447 1992; x_wconf 89' lang='lat' dir='ltr'><strong>omnium,</strong></span> <span class='ocrx_word' id='word_1_59' title='bbox 494 1875 620 2007; x_wconf 93' lang='lat' dir='ltr'><strong>quod</strong></span> <span class='ocrx_word' id='word_1_60' title='bbox 654 1876 749 1974; x_wconf 88' lang='lat' dir='ltr'><strong>sera</strong></span> <span class='ocrx_word' id='word_1_61' title='bbox 790 1875 1022 2009; x_wconf 86' lang='lat' dir='ltr'><strong>posteritas</strong></span> <span class='ocrx_word' id='word_1_62' title='bbox 1057 1872 1231 2006; x_wconf 88' lang='lat' dir='ltr'><strong>semper</strong></span> <span class='ocrx_word' id='word_1_63' title='bbox 1277 1858 1542 1970; x_wconf 67' lang='lat' dir='ltr'><strong>intuebitur.</strong></span> <span class='ocrx_word' id='word_1_64' title='bbox 1617 1881 1725 1970; x_wconf 90' lang='lat' dir='ltr'><strong>Hoc</strong></span> 
     </span>
     <span class='ocr_line' id='line_1_10' title="bbox 216 2072 1725 2215; baseline -0.001 -41"><span class='ocrx_word' id='word_1_65' title='bbox 216 2077 417 2178; x_wconf 88' lang='lat' dir='ltr'><strong>lacerum</strong></span> <span class='ocrx_word' id='word_1_66' title='bbox 439 2079 563 2201; x_wconf 87' lang='lat' dir='ltr'><strong>lieet,</strong></span> <span class='ocrx_word' id='word_1_67' title='bbox 598 2106 646 2178; x_wconf 92' lang='lat' dir='ltr'><strong>et</strong></span> <span class='ocrx_word' id='word_1_68' title='bbox 661 2076 802 2215; x_wconf 40' lang='lat' dir='ltr'><strong>rquasr</strong></span> <span class='ocrx_word' id='word_1_69' title='bbox 822 2117 850 2177; x_wconf 93' lang='lat' dir='ltr'><strong>e</strong></span> <span class='ocrx_word' id='word_1_70' title='bbox 871 2077 1109 2211; x_wconf 84' lang='lat' dir='ltr'><strong>naufragio</strong></span> <span class='ocrx_word' id='word_1_71' title='bbox 1145 2072 1318 2192; x_wconf 87' lang='lat' dir='ltr'><strong>tabula,</strong></span> <span class='ocrx_word' id='word_1_72' title='bbox 1355 2073 1454 2172; x_wconf 86' lang='lat' dir='ltr'><strong>satis</strong></span> <span class='ocrx_word' id='word_1_73' title='bbox 1478 2099 1631 2198; x_wconf 86' lang='lat' dir='ltr'><strong>tamen</strong></span> <span class='ocrx_word' id='word_1_74' title='bbox 1654 2081 1725 2172; x_wconf 88' lang='lat' dir='ltr'><strong>in·</strong></span> 
     </span>
     <span class='ocr_line' id='line_1_11' title="bbox 214 2271 1869 2426; baseline 0.004 -41"><span class='ocrx_word' id='word_1_75' title='bbox 214 2287 336 2390; x_wconf 90' lang='lat' dir='ltr'><strong>dicat</strong></span> <span class='ocrx_word' id='word_1_76' title='bbox 364 2286 533 2426; x_wconf 85' lang='lat' dir='ltr'><strong>quanta</strong></span> <span class='ocrx_word' id='word_1_77' title='bbox 565 2291 734 2392; x_wconf 89' lang='lat' dir='ltr'><strong>fuerint</strong></span> <span class='ocrx_word' id='word_1_78' title='bbox 756 2289 948 2422; x_wconf 87' lang='lat' dir='ltr'><strong>absoluti</strong></span> <span class='ocrx_word' id='word_1_79' title='bbox 969 2288 1063 2424; x_wconf 79' lang='lat' dir='ltr'><strong>ejus</strong></span> <span class='ocrx_word' id='word_1_80' title='bbox 1109 2313 1156 2386; x_wconf 88' lang='lat' dir='ltr'><strong>et</strong></span> <span class='ocrx_word' id='word_1_81' title='bbox 1183 2271 1401 2386; x_wconf 85' lang='lat' dir='ltr'><strong>omnibus¹</strong></span> <span class='ocrx_word' id='word_1_82' title='bbox 1436 2287 1522 2412; x_wconf 79' lang='lat' dir='ltr'><strong>luis</strong></span> <span class='ocrx_word' id='word_1_83' title='bbox 1561 2323 1724 2388; x_wconf 87' lang='lat' dir='ltr'><strong>nume·</strong></span> <span class='ocrx_word' id='word_1_84' title='bbox 1865 2375 1869 2392; x_wconf 91' lang='lat'><strong>.</strong></span> 
     </span>
     <span class='ocr_line' id='line_1_12' title="bbox 214 2487 1724 2644; baseline 0.003 -44"><span class='ocrx_word' id='word_1_85' title='bbox 214 2509 271 2600; x_wconf 86' lang='lat' dir='ltr'><strong>ris</strong></span> <span class='ocrx_word' id='word_1_86' title='bbox 294 2503 479 2638; x_wconf 70' lang='lat' dir='ltr'><strong>perfeeti</strong></span> <span class='ocrx_word' id='word_1_87' title='bbox 502 2511 676 2627; x_wconf 85' lang='lat' dir='ltr'><strong>merita,</strong></span> <span class='ocrx_word' id='word_1_88' title='bbox 696 2487 824 2607; x_wconf 58' lang='lat' dir='ltr'>„tales</span> <span class='ocrx_word' id='word_1_89' title='bbox 848 2544 962 2644; x_wconf 78' lang='lat' dir='ltr'><strong>curn¹</strong></span> <span class='ocrx_word' id='word_1_90' title='bbox 991 2501 1082 2604; x_wconf 87' lang='lat' dir='ltr'><strong>srnt</strong></span> <span class='ocrx_word' id='word_1_91' title='bbox 1121 2504 1335 2637; x_wconf 88' lang='lat' dir='ltr'><strong>reliquiae.</strong></span> <span class='ocrx_word' id='word_1_92' title='bbox 1409 2507 1724 2634; x_wconf 77' lang='lat' dir='ltr'><strong>Qremadmo-</strong></span> 
     </span>
     <span class='ocr_line' id='line_1_13' title="bbox 214 2713 1723 2856; baseline 0.001 -41"><span class='ocrx_word' id='word_1_93' title='bbox 214 2717 331 2816; x_wconf 91' lang='lat' dir='ltr'><strong>dum</strong></span> <span class='ocrx_word' id='word_1_94' title='bbox 352 2715 538 2819; x_wconf 88' lang='lat' dir='ltr'><strong>istarum</strong></span> <span class='ocrx_word' id='word_1_95' title='bbox 558 2752 711 2814; x_wconf 90' lang='lat' dir='ltr'><strong>rerum</strong></span> <span class='ocrx_word' id='word_1_96' title='bbox 734 2719 910 2849; x_wconf 90' lang='lat' dir='ltr'><strong>peritie</strong></span> <span class='ocrx_word' id='word_1_97' title='bbox 933 2713 1102 2812; x_wconf 89' lang='lat' dir='ltr'><strong>mutilo</strong></span> <span class='ocrx_word' id='word_1_98' title='bbox 1132 2715 1335 2846; x_wconf 86' lang='lat' dir='ltr'><strong>quodam</strong></span> <span class='ocrx_word' id='word_1_99' title='bbox 1358 2714 1524 2833; x_wconf 76' lang='lat' dir='ltr'><strong>statuae¹</strong></span> <span class='ocrx_word' id='word_1_100' title='bbox 1543 2721 1723 2856; x_wconf 61' lang='lat' dir='ltr'><strong>piltaeve</strong></span> 
     </span>
     <span class='ocr_line' id='line_1_14' title="bbox 215 2921 1764 3062; baseline 0.001 -37"><span class='ocrx_word' id='word_1_101' title='bbox 215 2929 378 3026; x_wconf 88' lang='lat' dir='ltr'><strong>tabulae</strong></span> <span class='ocrx_word' id='word_1_102' title='bbox 408 2925 685 3062; x_wconf 78' lang='lat' dir='ltr'><strong>fragmentO,</strong></span> <span class='ocrx_word' id='word_1_103' title='bbox 718 2927 922 3026; x_wconf 85' lang='lat' dir='ltr'><strong>divinam</strong></span> <span class='ocrx_word' id='word_1_104' title='bbox 953 2921 1129 3060; x_wconf 83' lang='lat' dir='ltr'><strong>Apellis</strong></span> <span class='ocrx_word' id='word_1_105' title='bbox 1166 2923 1236 3024; x_wconf 88' lang='lat' dir='ltr'><strong>vel</strong></span> <span class='ocrx_word' id='word_1_106' title='bbox 1276 2923 1498 3058; x_wconf 84' lang='lat' dir='ltr'><strong>Polycleti</strong></span> <span class='ocrx_word' id='word_1_107' title='bbox 1533 2962 1723 3026; x_wconf 82' lang='lat' dir='ltr'><strong>manum</strong></span> <span class='ocrx_word' id='word_1_108' title='bbox 1761 3017 1764 3026; x_wconf 91' lang='lat'><em>.</em></span> 
     </span>
     <span class='ocr_line' id='line_1_15' title="bbox 214 3111 1721 3282; baseline -0.001 -35"><span class='ocrx_word' id='word_1_109' title='bbox 214 3111 488 3250; x_wconf 76' lang='lat' dir='ltr'><strong>fateantur.¹</strong></span> <span class='ocrx_word' id='word_1_110' title='bbox 530 3150 670 3282; x_wconf 80' lang='lat' dir='ltr'><strong>Qlod</strong></span> <span class='ocrx_word' id='word_1_111' title='bbox 709 3145 745 3245; x_wconf 88' lang='lat' dir='ltr'><strong>fi</strong></span> <span class='ocrx_word' id='word_1_112' title='bbox 778 3149 1003 3281; x_wconf 82' lang='lat' dir='ltr'><strong>praecipua</strong></span> <span class='ocrx_word' id='word_1_113' title='bbox 1042 3115 1097 3242; x_wconf 71' lang='lat' dir='ltr'><strong>fil:</strong></span> <span class='ocrx_word' id='word_1_114' title='bbox 1136 3143 1346 3242; x_wconf 80' lang='lat' dir='ltr'><strong>Historiae</strong></span> <span class='ocrx_word' id='word_1_115' title='bbox 1382 3140 1481 3242; x_wconf 86' lang='lat' dir='ltr'><strong>finis</strong></span> <span class='ocrx_word' id='word_1_116' title='bbox 1507 3147 1721 3279; x_wconf 76' lang='lat' dir='ltr'><strong>prodelle,</strong></span> 
     </span>
     <span class='ocr_line' id='line_1_16' title="bbox 214 3354 1721 3488; baseline -0.005 -26"><span class='ocrx_word' id='word_1_117' title='bbox 214 3363 414 3488; x_wconf 80' lang='lat' dir='ltr'><strong>eavendo</strong></span> <span class='ocrx_word' id='word_1_118' title='bbox 500 3375 532 3424; x_wconf 88' lang='lat'><strong>“</strong></span> <span class='ocrx_word' id='word_1_119' title='bbox 553 3395 615 3458; x_wconf 90' lang='lat' dir='ltr'><strong>ne</strong></span> <span class='ocrx_word' id='word_1_120' title='bbox 636 3361 822 3457; x_wconf 88' lang='lat' dir='ltr'><strong>virtutes</strong></span> <span class='ocrx_word' id='word_1_121' title='bbox 845 3355 1070 3474; x_wconf 84' lang='lat' dir='ltr'><strong>fileantur,</strong></span> <span class='ocrx_word' id='word_1_122' title='bbox 1104 3379 1250 3488; x_wconf 92' lang='lat' dir='ltr'><strong>utque</strong></span> <span class='ocrx_word' id='word_1_123' title='bbox 1279 3357 1424 3488; x_wconf 80' lang='lat' dir='ltr'><strong>pravis</strong></span> <span class='ocrx_word' id='word_1_124' title='bbox 1462 3355 1589 3454; x_wconf 73' lang='lat' dir='ltr'><strong>dinis</strong></span> <span class='ocrx_word' id='word_1_125' title='bbox 1625 3354 1721 3454; x_wconf 85' lang='lat' dir='ltr'><strong>fue-</strong></span> 
     </span>
     <span class='ocr_line' id='line_1_17' title="bbox 217 3531 1721 3708; baseline -0.004 -34"><span class='ocrx_word' id='word_1_126' title='bbox 217 3591 251 3639; x_wconf 89' lang='lat'><strong>“</strong></span> <span class='ocrx_word' id='word_1_127' title='bbox 285 3531 430 3708; x_wconf 82' lang='lat' dir='ltr'><strong>tilque</strong></span> <span class='ocrx_word' id='word_1_128' title='bbox 453 3611 509 3671; x_wconf 89' lang='lat' dir='ltr'><strong>ex</strong></span> <span class='ocrx_word' id='word_1_129' title='bbox 542 3571 798 3704; x_wconf 87' lang='lat' dir='ltr'><strong>posteritate</strong></span> <span class='ocrx_word' id='word_1_130' title='bbox 820 3594 867 3664; x_wconf 88' lang='lat' dir='ltr'><strong>et</strong></span> <span class='ocrx_word' id='word_1_131' title='bbox 888 3564 1075 3664; x_wconf 86' lang='lat' dir='ltr'><strong>infamia</strong></span> <span class='ocrx_word' id='word_1_132' title='bbox 1097 3592 1246 3663; x_wconf 90' lang='lat' dir='ltr'><strong>metus</strong></span> <span class='ocrx_word' id='word_1_133' title='bbox 1270 3563 1326 3662; x_wconf 85' lang='lat' dir='ltr'><strong>srt</strong></span> <span class='ocrx_word' id='word_1_134' title='bbox 1344 3552 1396 3684; x_wconf 78' lang='lat'><strong>;”</strong></span> <span class='ocrx_word' id='word_1_135' title='bbox 1420 3569 1518 3696; x_wconf 86' lang='lat' dir='ltr'><strong>quis</strong></span> <span class='ocrx_word' id='word_1_136' title='bbox 1541 3566 1721 3700; x_wconf 80' lang='lat' dir='ltr'><strong>dignius</strong></span> 
     </span>
     <span class='ocr_line' id='line_1_18' title="bbox 211 3771 1720 3922; baseline -0.011 -33"><span class='ocrx_word' id='word_1_137' title='bbox 211 3825 435 3922; x_wconf 79' lang='lat' dir='ltr'><strong>unquam,</strong></span> <span class='ocrx_word' id='word_1_138' title='bbox 475 3787 577 3918; x_wconf 83' lang='lat' dir='ltr'><strong>quis</strong></span> <span class='ocrx_word' id='word_1_139' title='bbox 628 3779 784 3878; x_wconf 90' lang='lat' dir='ltr'><strong>utilius</strong></span> <span class='ocrx_word' id='word_1_140' title='bbox 824 3775 1133 3911; x_wconf 83' lang='lat' dir='ltr'><strong>graviffrmum</strong></span> <span class='ocrx_word' id='word_1_141' title='bbox 1170 3775 1260 3872; x_wconf 90' lang='lat' dir='ltr'><strong>hoc</strong></span> <span class='ocrx_word' id='word_1_142' title='bbox 1295 3771 1512 3870; x_wconf 85' lang='lat' dir='ltr'><strong>Historici</strong></span> <span class='ocrx_word' id='word_1_143' title='bbox 1552 3813 1720 3872; x_wconf 86' lang='lat' dir='ltr'><strong>munus</strong></span> 
     </span>
     <span class='ocr_line' id='line_1_19' title="bbox 215 3987 1718 4126; baseline -0.005 -27"><span class='ocrx_word' id='word_1_144' title='bbox 215 3997 460 4102; x_wconf 86' lang='lat' dir='ltr'><strong>sustinuit?</strong></span> <span class='ocrx_word' id='word_1_145' title='bbox 507 3997 622 4126; x_wconf 79' lang='lat' dir='ltr'><strong>Qus</strong></span> <span class='ocrx_word' id='word_1_146' title='bbox 662 4026 811 4090; x_wconf 89' lang='lat' dir='ltr'><strong>rerum</strong></span> <span class='ocrx_word' id='word_1_147' title='bbox 854 3987 1108 4122; x_wconf 82' lang='lat' dir='ltr'><strong>frequentia</strong></span> <span class='ocrx_word' id='word_1_148' title='bbox 1152 3987 1383 4086; x_wconf 87' lang='lat' dir='ltr'><strong>crebrior?</strong></span> <span class='ocrx_word' id='word_1_149' title='bbox 1421 3993 1534 4121; x_wconf 80' lang='lat' dir='ltr'><strong>Qris</strong></span> <span class='ocrx_word' id='word_1_150' title='bbox 1575 3992 1718 4092; x_wconf 86' lang='lat' dir='ltr'><strong>verbis</strong></span> 
     </span>
     <span class='ocr_line' id='line_1_20' title="bbox 211 4209 1717 4363; baseline -0.013 -38"><span class='ocrx_word' id='word_1_151' title='bbox 211 4220 438 4363; x_wconf 81' lang='lat' dir='ltr'><strong>preffior?</strong></span> <span class='ocrx_word' id='word_1_152' title='bbox 482 4221 595 4347; x_wconf 80' lang='lat' dir='ltr'><strong>Qris</strong></span> <span class='ocrx_word' id='word_1_153' title='bbox 636 4216 958 4314; x_wconf 88' lang='lat' dir='ltr'><strong>sententiarum</strong></span> <span class='ocrx_word' id='word_1_154' title='bbox 1005 4215 1217 4312; x_wconf 86' lang='lat' dir='ltr'><strong>varietate</strong></span> <span class='ocrx_word' id='word_1_155' title='bbox 1256 4214 1400 4344; x_wconf 82' lang='lat' dir='ltr'><strong>magis</strong></span> <span class='ocrx_word' id='word_1_156' title='bbox 1440 4209 1717 4308; x_wconf 84' lang='lat' dir='ltr'><strong>abundans?</strong></span> 
     </span>
    </p>
   </div>
   <div class='ocr_carea' id='block_1_7' title="bbox 211 4427 1718 4567">
    <p class='ocr_par' dir='ltr' id='par_1_7' title="bbox 211 4427 1718 4567">
     <span class='ocr_line' id='line_1_21' title="bbox 211 4427 1718 4567; baseline -0.009 -24"><span class='ocrx_word' id='word_1_157' title='bbox 211 4449 267 4544; x_wconf 87' lang='lat' dir='ltr'><strong>ln</strong></span> <span class='ocrx_word' id='word_1_158' title='bbox 303 4459 482 4538; x_wconf 86' lang='lat' dir='ltr'><strong>tautum</strong></span> <span class='ocrx_word' id='word_1_159' title='bbox 514 4429 702 4567; x_wconf 90' lang='lat' dir='ltr'><strong>quidem</strong></span> <span class='ocrx_word' id='word_1_160' title='bbox 748 4427 850 4548; x_wconf 87' lang='lat' dir='ltr'>hac,</span> <span class='ocrx_word' id='word_1_161' title='bbox 887 4463 1030 4562; x_wconf 88' lang='lat' dir='ltr'><strong>quam</strong></span> <span class='ocrx_word' id='word_1_162' title='bbox 1070 4431 1277 4562; x_wconf 88' lang='lat' dir='ltr'><strong>proxime</strong></span> <span class='ocrx_word' id='word_1_163' title='bbox 1312 4429 1577 4551; x_wconf 88' lang='lat' dir='ltr'><strong>memoravi,</strong></span> <span class='ocrx_word' id='word_1_164' title='bbox 1628 4465 1718 4563; x_wconf 83' lang='lat' dir='ltr'><strong>prae</strong></span> 
     </span>
    </p>
   </div>
   <div class='ocr_carea' id='block_1_8' title="bbox 688 4701 1228 4786">
    <p class='ocr_par' dir='ltr' id='par_1_8' title="bbox 688 4701 1228 4786">
     <span class='ocr_line' id='line_1_22' title="bbox 688 4701 1228 4786; baseline -0.002 -8"><span class='ocrx_word' id='word_1_165' title='bbox 688 4717 702 4786; x_wconf 75' lang='grc'><strong>,·</strong></span> <span class='ocrx_word' id='word_1_166' title='bbox 729 4703 815 4780; x_wconf 85' lang='lat' dir='ltr'><strong>Tac.</strong></span> <span class='ocrx_word' id='word_1_167' title='bbox 842 4701 974 4780; x_wconf 80' lang='lat' dir='ltr'><strong>Annal.</strong></span> <span class='ocrx_word' id='word_1_168' title='bbox 1002 4702 1052 4782; x_wconf 86' lang='lat' dir='ltr'><strong>iii.</strong></span> <span class='ocrx_word' id='word_1_169' title='bbox 1078 4701 1141 4778; x_wconf 86' lang='lat' dir='ltr'><strong>sub</strong></span> <span class='ocrx_word' id='word_1_170' title='bbox 1168 4703 1228 4777; x_wconf 87' lang='lat' dir='ltr'><strong>fin.</strong></span> 
     </span>
    </p>
   </div>
   <div class='ocr_carea' id='block_1_9' title="bbox 899 4877 1861 4980">
    <p class='ocr_par' dir='ltr' id='par_1_9' title="bbox 899 4877 1861 4980">
     <span class='ocr_line' id='line_1_23' title="bbox 899 4877 1861 4980; baseline 0.007 -11"><span class='ocrx_word' id='word_1_171' title='bbox 899 4885 944 4980; x_wconf 82' lang='lat' dir='ltr'><strong>E</strong></span> <span class='ocrx_word' id='word_1_172' title='bbox 1560 4877 1723 4976; x_wconf 79' lang='lat' dir='ltr'><strong>caeterir</strong></span> <span class='ocrx_word' id='word_1_173' title='bbox 1859 4897 1861 4902; x_wconf 78' lang='grc'><strong>’</strong></span> 
     </span>
    </p>
   </div>
   <div class='ocr_carea' id='block_1_10' title="bbox 0 0 2148 5584">
    <p class='ocr_par' dir='ltr' id='par_1_10' title="bbox 0 0 2148 5584">
     <span class='ocr_line' id='line_1_24' title="bbox 0 0 2148 5584; baseline 0 3"><span class='ocrx_word' id='word_1_174' title='bbox 0 0 2148 5584; x_wconf 95' lang='lat' dir='ltr'><strong> </strong></span> 
     </span>
    </p>
   </div>
  </div>
 </body>
</html>
