<?xml version="1.0" encoding="UTF-8"?>
<!DOCTYPE html PUBLIC "-//W3C//DTD XHTML 1.0 Transitional//EN"
    "http://www.w3.org/TR/xhtml1/DTD/xhtml1-transitional.dtd">
<html xmlns="http://www.w3.org/1999/xhtml" xml:lang="en" lang="en">
 <head>
  <title>
</title>
<meta http-equiv="Content-Type" content="text/html;charset=utf-8" />
  <meta name='ocr-system' content='tesseract 3.04.00' />
  <meta name='ocr-capabilities' content='ocr_page ocr_carea ocr_par ocr_line ocrx_word'/>
</head>
<body>
  <div class='ocr_page' id='page_1' title='image "./inpindariprimum00barfgoog_0128.png"; bbox 0 0 4288 5584; ppageno 0'>
   <div class='ocr_carea' id='block_1_1' title="bbox 985 313 1157 478">
    <p class='ocr_par' dir='ltr' id='par_1_1' title="bbox 985 313 1157 478">
     <span class='ocr_line' id='line_1_1' title="bbox 985 313 1157 478; baseline 0 -15"><span class='ocrx_word' id='word_1_1' title='bbox 985 347 1005 478; x_wconf 82' lang='grc' dir='ltr'>ι</span> <span class='ocrx_word' id='word_1_2' title='bbox 1020 313 1101 463; x_wconf 72' lang='lat'>³13</span> <span class='ocrx_word' id='word_1_3' title='bbox 1137 331 1157 463; x_wconf 90' lang='grc'>)</span> 
     </span>
    </p>
   </div>
   <div class='ocr_carea' id='block_1_2' title="bbox 288 513 1826 638">
    <p class='ocr_par' dir='ltr' id='par_1_2' title="bbox 288 513 1826 638">
     <span class='ocr_line' id='line_1_2' title="bbox 288 513 1826 638; baseline -0.005 -28"><span class='ocrx_word' id='word_1_4' title='bbox 288 543 336 610; x_wconf 75' lang='lat' dir='ltr'>ta</span> <span class='ocrx_word' id='word_1_5' title='bbox 348 525 578 638; x_wconf 73' lang='lat' dir='ltr'>magiumm</span> <span class='ocrx_word' id='word_1_6' title='bbox 597 519 883 631; x_wconf 79' lang='lat' dir='ltr'>Arillopltaeero</span> <span class='ocrx_word' id='word_1_7' title='bbox 899 517 1093 601; x_wconf 88' lang='lat' dir='ltr'>sollicitum</span> <span class='ocrx_word' id='word_1_8' title='bbox 1104 513 1309 617; x_wconf 76' lang='lat' dir='ltr'>mehercle,</span> <span class='ocrx_word' id='word_1_9' title='bbox 1328 542 1376 597; x_wconf 90' lang='lat' dir='ltr'>ne</span> <span class='ocrx_word' id='word_1_10' title='bbox 1399 513 1494 598; x_wconf 79' lang='lat' dir='ltr'>forte</span> <span class='ocrx_word' id='word_1_11' title='bbox 1510 513 1706 626; x_wconf 75' lang='lat' dir='ltr'>prurientes</span> <span class='ocrx_word' id='word_1_12' title='bbox 1721 543 1826 602; x_wconf 85' lang='lat' dir='ltr'>atues</span> 
     </span>
    </p>
   </div>
   <div class='ocr_carea' id='block_1_3' title="bbox 288 643 1999 768">
    <p class='ocr_par' dir='ltr' id='par_1_3' title="bbox 288 643 1999 768">
     <span class='ocr_line' id='line_1_3' title="bbox 288 643 1999 768; baseline -0.004 -34"><span class='ocrx_word' id='word_1_13' title='bbox 288 653 460 736; x_wconf 86' lang='lat' dir='ltr'>deficeret</span> <span class='ocrx_word' id='word_1_14' title='bbox 477 651 649 736; x_wconf 82' lang='lat' dir='ltr'>matianis</span> <span class='ocrx_word' id='word_1_15' title='bbox 670 645 818 732; x_wconf 80' lang='lat' dir='ltr'>robulbt</span> <span class='ocrx_word' id='word_1_16' title='bbox 835 645 989 748; x_wconf 87' lang='lat' dir='ltr'>lascivia,</span> <span class='ocrx_word' id='word_1_17' title='bbox 1021 643 1248 768; x_wconf 74' lang='lat' dir='ltr'>minutisque</span> <span class='ocrx_word' id='word_1_18' title='bbox 1260 644 1379 726; x_wconf 87' lang='lat' dir='ltr'>verbis</span> <span class='ocrx_word' id='word_1_19' title='bbox 1393 669 1518 726; x_wconf 92' lang='lat' dir='ltr'>rerum</span> <span class='ocrx_word' id='word_1_20' title='bbox 1536 645 1825 756; x_wconf 86' lang='lat' dir='ltr'>turpiffimarum</span> <span class='ocrx_word' id='word_1_21' title='bbox 1994 653 1999 664; x_wconf 84' lang='grc'>’</span> 
     </span>
    </p>
   </div>
   <div class='ocr_carea' id='block_1_4' title="bbox 289 781 1823 1022">
    <p class='ocr_par' dir='ltr' id='par_1_4' title="bbox 289 781 1802 1022">
     <span class='ocr_line' id='line_1_4' title="bbox 289 781 760 890; baseline -0.009 -28"><span class='ocrx_word' id='word_1_22' title='bbox 289 782 474 864; x_wconf 73' lang='lat' dir='ltr'>sententia</span> <span class='ocrx_word' id='word_1_23' title='bbox 487 781 760 890; x_wconf 80' lang='lat' dir='ltr'>frangerentur..</span> 
     </span>
     <span class='ocr_line' id='line_1_5' title="bbox 342 840 1823 1022; baseline -0.003 -30"><span class='ocrx_word' id='word_1_24' title='bbox 342 911 390 992; x_wconf 85' lang='lat' dir='ltr'>ld</span> <span class='ocrx_word' id='word_1_25' title='bbox 408 911 578 1022; x_wconf 77' lang='lat' dir='ltr'>proledd</span> <span class='ocrx_word' id='word_1_26' title='bbox 593 907 960 992; x_wconf 77' lang='lat' dir='ltr'>animadvertendum</span> <span class='ocrx_word' id='word_1_27' title='bbox 978 905 1044 1008; x_wconf 90' lang='lat' dir='ltr'>est,</span> <span class='ocrx_word' id='word_1_28' title='bbox 1063 840 1357 988; x_wconf 81' lang='lat' dir='ltr'>Misericordiam</span> <span class='ocrx_word' id='word_1_29' title='bbox 1392 931 1507 1017; x_wconf 90' lang='lat' dir='ltr'>quam</span> <span class='ocrx_word' id='word_1_30' title='bbox 1525 931 1573 986; x_wconf 83' lang='lat' dir='ltr'>ex</span> <span class='ocrx_word' id='word_1_31' title='bbox 1600 905 1705 986; x_wconf 82' lang='lat' dir='ltr'>scens</span> <span class='ocrx_word' id='word_1_32' title='bbox 1722 907 1823 988; x_wconf 86' lang='lat' dir='ltr'>Tra-</span> 
     </span>
    </p>
   </div>
   <div class='ocr_carea' id='block_1_5' title="bbox 205 1030 1901 4812">
    <p class='ocr_par' dir='ltr' id='par_1_5' title="bbox 205 1030 1901 2548">
     <span class='ocr_line' id='line_1_6' title="bbox 288 1030 1821 1185; baseline 0.001 -70"><span class='ocrx_word' id='word_1_33' title='bbox 288 1035 369 1146; x_wconf 73' lang='lat' dir='ltr'>gici</span> <span class='ocrx_word' id='word_1_34' title='bbox 391 1038 629 1185; x_wconf 82' lang='lat' dir='ltr'>percipimus,</span> <span class='ocrx_word' id='word_1_35' title='bbox 655 1032 761 1142; x_wconf 73' lang='lat' dir='ltr'>aequi</span> <span class='ocrx_word' id='word_1_36' title='bbox 790 1031 1065 1133; x_wconf 87' lang='lat' dir='ltr'>vehementem,</span> <span class='ocrx_word' id='word_1_37' title='bbox 1103 1059 1178 1114; x_wconf 92' lang='lat' dir='ltr'>noo</span> <span class='ocrx_word' id='word_1_38' title='bbox 1194 1059 1300 1140; x_wconf 79' lang='lat' dir='ltr'>aque</span> <span class='ocrx_word' id='word_1_39' title='bbox 1284 1030 1532 1112; x_wconf 86' lang='lat' dir='ltr'>diuturnam</span> <span class='ocrx_word' id='word_1_40' title='bbox 1550 1033 1620 1114; x_wconf 87' lang='lat' dir='ltr'>esse</span> <span class='ocrx_word' id='word_1_41' title='bbox 1647 1059 1692 1116; x_wconf 85' lang='lat' dir='ltr'>ac</span> <span class='ocrx_word' id='word_1_42' title='bbox 1707 1033 1821 1139; x_wconf 87' lang='lat' dir='ltr'>illam,</span> 
     </span>
     <span class='ocr_line' id='line_1_7' title="bbox 205 1159 1822 1279; baseline -0.007 -25"><span class='ocrx_word' id='word_1_43' title='bbox 205 1213 209 1224; x_wconf 93' lang='lat'><strong>·</strong></span> <span class='ocrx_word' id='word_1_44' title='bbox 287 1196 369 1279; x_wconf 79' lang='lat' dir='ltr'>qua</span> <span class='ocrx_word' id='word_1_45' title='bbox 387 1194 436 1249; x_wconf 89' lang='lat' dir='ltr'>ex</span> <span class='ocrx_word' id='word_1_46' title='bbox 468 1167 552 1248; x_wconf 78' lang='lat' dir='ltr'>vita</span> <span class='ocrx_word' id='word_1_47' title='bbox 579 1160 793 1244; x_wconf 86' lang='lat' dir='ltr'>communis</span> <span class='ocrx_word' id='word_1_48' title='bbox 824 1161 1086 1242; x_wconf 86' lang='lat' dir='ltr'>consuetudine</span> <span class='ocrx_word' id='word_1_49' title='bbox 1116 1159 1271 1242; x_wconf 85' lang='lat' dir='ltr'>oritur:</span> <span class='ocrx_word' id='word_1_50' title='bbox 1289 1159 1496 1268; x_wconf 82' lang='lat' dir='ltr'>Perexiguo</span> <span class='ocrx_word' id='word_1_51' title='bbox 1525 1159 1627 1242; x_wconf 90' lang='lat' dir='ltr'>enim</span> <span class='ocrx_word' id='word_1_52' title='bbox 1644 1163 1822 1272; x_wconf 87' lang='lat' dir='ltr'>temporis</span> 
     </span>
     <span class='ocr_line' id='line_1_8' title="bbox 285 1283 1818 1398; baseline -0.003 -22"><span class='ocrx_word' id='word_1_53' title='bbox 285 1291 477 1378; x_wconf 78' lang='lat' dir='ltr'>intervallo</span> <span class='ocrx_word' id='word_1_54' title='bbox 510 1287 669 1372; x_wconf 88' lang='lat' dir='ltr'>occurrit</span> <span class='ocrx_word' id='word_1_55' title='bbox 706 1286 811 1386; x_wconf 91' lang='lat' dir='ltr'>ratio,</span> <span class='ocrx_word' id='word_1_56' title='bbox 847 1304 886 1366; x_wconf 86' lang='lat' dir='ltr'>et</span> <span class='ocrx_word' id='word_1_57' title='bbox 915 1313 1040 1366; x_wconf 89' lang='lat' dir='ltr'>rerum</span> <span class='ocrx_word' id='word_1_58' title='bbox 1059 1287 1190 1367; x_wconf 87' lang='lat' dir='ltr'>veritas</span> <span class='ocrx_word' id='word_1_59' title='bbox 1207 1283 1483 1398; x_wconf 78' lang='lat' dir='ltr'>praelligiatricis</span> <span class='ocrx_word' id='word_1_60' title='bbox 1499 1285 1634 1368; x_wconf 74' lang='lat' dir='ltr'>fabula</span> <span class='ocrx_word' id='word_1_61' title='bbox 1651 1289 1818 1392; x_wconf 89' lang='lat' dir='ltr'>artificio,</span> 
     </span>
     <span class='ocr_line' id='line_1_9' title="bbox 285 1411 1822 1530; baseline -0.001 -33"><span class='ocrx_word' id='word_1_62' title='bbox 285 1424 348 1504; x_wconf 86' lang='lat' dir='ltr'>cui</span> <span class='ocrx_word' id='word_1_63' title='bbox 378 1441 579 1530; x_wconf 85' lang='lat' dir='ltr'>parumper</span> <span class='ocrx_word' id='word_1_64' title='bbox 606 1413 761 1515; x_wconf 82' lang='lat' dir='ltr'>animus</span> <span class='ocrx_word' id='word_1_65' title='bbox 779 1411 1035 1504; x_wconf 83' lang='lat' dir='ltr'>obsecundavit</span> <span class='ocrx_word' id='word_1_66' title='bbox 1052 1412 1182 1494; x_wconf 85' lang='lat' dir='ltr'>lubens</span> <span class='ocrx_word' id='word_1_67' title='bbox 1194 1451 1207 1510; x_wconf 85' lang='lat'>;</span> <span class='ocrx_word' id='word_1_68' title='bbox 1231 1412 1391 1524; x_wconf 85' lang='lat' dir='ltr'>quiescit</span> <span class='ocrx_word' id='word_1_69' title='bbox 1416 1414 1538 1494; x_wconf 89' lang='lat' dir='ltr'>omnis</span> <span class='ocrx_word' id='word_1_70' title='bbox 1566 1415 1822 1527; x_wconf 72' lang='lat' dir='ltr'>perturbatior</span> 
     </span>
     <span class='ocr_line' id='line_1_10' title="bbox 286 1538 1901 1657; baseline -0.003 -27"><span class='ocrx_word' id='word_1_71' title='bbox 286 1575 408 1657; x_wconf 90' lang='lat' dir='ltr'>neque</span> <span class='ocrx_word' id='word_1_72' title='bbox 444 1544 483 1624; x_wconf 93' lang='lat' dir='ltr'>in</span> <span class='ocrx_word' id='word_1_73' title='bbox 513 1540 708 1624; x_wconf 77' lang='lat' dir='ltr'>affectione</span> <span class='ocrx_word' id='word_1_74' title='bbox 747 1538 907 1620; x_wconf 72' lang='lat' dir='ltr'>fovendi</span> <span class='ocrx_word' id='word_1_75' title='bbox 943 1559 1053 1648; x_wconf 90' lang='lat' dir='ltr'>atque</span> <span class='ocrx_word' id='word_1_76' title='bbox 1079 1540 1209 1620; x_wconf 76' lang='lat' dir='ltr'>alendi</span> <span class='ocrx_word' id='word_1_77' title='bbox 1255 1539 1505 1641; x_wconf 84' lang='lat' dir='ltr'>elaboramus„</span> <span class='ocrx_word' id='word_1_78' title='bbox 1533 1569 1630 1650; x_wconf 77' lang='lat' dir='ltr'>quae:</span> <span class='ocrx_word' id='word_1_79' title='bbox 1648 1568 1740 1623; x_wconf 90' lang='lat' dir='ltr'>cum</span> <span class='ocrx_word' id='word_1_80' title='bbox 1771 1569 1820 1626; x_wconf 81' lang='lat' dir='ltr'>ex</span> <span class='ocrx_word' id='word_1_81' title='bbox 1894 1628 1901 1650; x_wconf 57' lang='grc'><strong>,</strong></span> 
     </span>
     <span class='ocr_line' id='line_1_11' title="bbox 285 1665 1817 1779; baseline -0.002 -21"><span class='ocrx_word' id='word_1_82' title='bbox 285 1674 412 1758; x_wconf 90' lang='lat' dir='ltr'>dolore</span> <span class='ocrx_word' id='word_1_83' title='bbox 430 1689 468 1752; x_wconf 92' lang='lat' dir='ltr'>et</span> <span class='ocrx_word' id='word_1_84' title='bbox 487 1671 680 1778; x_wconf 86' lang='lat' dir='ltr'>uoluptate</span> <span class='ocrx_word' id='word_1_85' title='bbox 692 1667 847 1750; x_wconf 88' lang='lat' dir='ltr'>conflata</span> <span class='ocrx_word' id='word_1_86' title='bbox 867 1667 925 1768; x_wconf 89' lang='lat' dir='ltr'>lit,</span> <span class='ocrx_word' id='word_1_87' title='bbox 955 1665 1063 1749; x_wconf 88' lang='lat' dir='ltr'>illum</span> <span class='ocrx_word' id='word_1_88' title='bbox 1101 1687 1226 1748; x_wconf 91' lang='lat' dir='ltr'>tamen</span> <span class='ocrx_word' id='word_1_89' title='bbox 1246 1697 1250 1704; x_wconf 92' lang='lat'>·</span> <span class='ocrx_word' id='word_1_90' title='bbox 1261 1667 1501 1778; x_wconf 84' lang='lat' dir='ltr'>petillimirm</span> <span class='ocrx_word' id='word_1_91' title='bbox 1524 1667 1643 1779; x_wconf 82' lang='lat' dir='ltr'>sapere</span> <span class='ocrx_word' id='word_1_92' title='bbox 1659 1669 1817 1756; x_wconf 76' lang='lat' dir='ltr'>uidebar.</span> 
     </span>
     <span class='ocr_line' id='line_1_12' title="bbox 286 1794 1819 1908; baseline -0.002 -23"><span class='ocrx_word' id='word_1_93' title='bbox 286 1807 340 1885; x_wconf 88' lang='lat' dir='ltr'>At</span> <span class='ocrx_word' id='word_1_94' title='bbox 376 1802 465 1882; x_wconf 84' lang='lat' dir='ltr'>verd</span> <span class='ocrx_word' id='word_1_95' title='bbox 501 1823 597 1908; x_wconf 87' lang='lat' dir='ltr'>quos</span> <span class='ocrx_word' id='word_1_96' title='bbox 632 1795 766 1878; x_wconf 81' lang='lat' dir='ltr'>excitat</span> <span class='ocrx_word' id='word_1_97' title='bbox 786 1794 994 1894; x_wconf 86' lang='lat' dir='ltr'>Comoedia,</span> <span class='ocrx_word' id='word_1_98' title='bbox 1020 1821 1169 1878; x_wconf 85' lang='lat' dir='ltr'>amores¹</span> <span class='ocrx_word' id='word_1_99' title='bbox 1193 1813 1230 1876; x_wconf 89' lang='lat' dir='ltr'>et</span> <span class='ocrx_word' id='word_1_100' title='bbox 1267 1795 1431 1876; x_wconf 79' lang='lat' dir='ltr'>libidines</span> <span class='ocrx_word' id='word_1_101' title='bbox 1457 1794 1534 1876; x_wconf 83' lang='lat' dir='ltr'>sord</span> <span class='ocrx_word' id='word_1_102' title='bbox 1551 1794 1819 1884; x_wconf 63' lang='lat' dir='ltr'>defierrdmnt.</span> 
     </span>
     <span class='ocr_line' id='line_1_13' title="bbox 284 1921 1821 2035; baseline -0.003 -25"><span class='ocrx_word' id='word_1_103' title='bbox 284 1928 443 2012; x_wconf 77' lang='lat' dir='ltr'>Lasciva</span> <span class='ocrx_word' id='word_1_104' title='bbox 460 1926 562 2006; x_wconf 88' lang='lat' dir='ltr'>enim</span> <span class='ocrx_word' id='word_1_105' title='bbox 580 1923 769 2032; x_wconf 83' lang='lat' dir='ltr'>imagines</span> <span class='ocrx_word' id='word_1_106' title='bbox 785 1923 924 2006; x_wconf 86' lang='lat' dir='ltr'>diutius</span> <span class='ocrx_word' id='word_1_107' title='bbox 954 1921 1105 2023; x_wconf 80' lang='lat' dir='ltr'>harent,</span> <span class='ocrx_word' id='word_1_108' title='bbox 1133 1923 1349 2004; x_wconf 76' lang='lat' dir='ltr'>amiciffimt</span> <span class='ocrx_word' id='word_1_109' title='bbox 1367 1923 1611 2005; x_wconf 84' lang='lat' dir='ltr'>familiaritate</span> <span class='ocrx_word' id='word_1_110' title='bbox 1626 1925 1821 2035; x_wconf 82' lang='lat' dir='ltr'>excipiun-</span> 
     </span>
     <span class='ocr_line' id='line_1_14' title="bbox 284 2048 1818 2151; baseline -0.001 -16"><span class='ocrx_word' id='word_1_111' title='bbox 284 2078 360 2151; x_wconf 87' lang='lat' dir='ltr'>tur,</span> <span class='ocrx_word' id='word_1_112' title='bbox 377 2052 530 2134; x_wconf 74' lang='lat' dir='ltr'>tandem</span> <span class='ocrx_word' id='word_1_113' title='bbox 546 2049 813 2132; x_wconf 85' lang='lat' dir='ltr'>dominantur:</span> <span class='ocrx_word' id='word_1_114' title='bbox 842 2048 1049 2131; x_wconf 71' lang='lat' dir='ltr'>Affedibus</span> <span class='ocrx_word' id='word_1_115' title='bbox 1067 2050 1204 2130; x_wconf 89' lang='lat' dir='ltr'>interea</span> <span class='ocrx_word' id='word_1_116' title='bbox 1221 2049 1451 2132; x_wconf 88' lang='lat' dir='ltr'>lenocinatur</span> <span class='ocrx_word' id='word_1_117' title='bbox 1467 2051 1724 2150; x_wconf 90' lang='lat' dir='ltr'>Memoria,·in</span> <span class='ocrx_word' id='word_1_118' title='bbox 1742 2053 1818 2133; x_wconf 88' lang='lat' dir='ltr'>loe-</span> 
     </span>
     <span class='ocr_line' id='line_1_15' title="bbox 282 2161 1818 2288; baseline -0.007 -26"><span class='ocrx_word' id='word_1_119' title='bbox 282 2188 331 2262; x_wconf 73' lang='lat' dir='ltr'>nd</span> <span class='ocrx_word' id='word_1_120' title='bbox 350 2181 462 2288; x_wconf 86' lang='lat' dir='ltr'>usque</span> <span class='ocrx_word' id='word_1_121' title='bbox 482 2195 520 2258; x_wconf 90' lang='lat' dir='ltr'>et</span> <span class='ocrx_word' id='word_1_122' title='bbox 537 2175 855 2286; x_wconf 52' lang='lat' dir='ltr'>usquesspatiatur,</span> <span class='ocrx_word' id='word_1_123' title='bbox 861 2161 1189 2286; x_wconf 54' lang='lat' dir='ltr'>ssservldaquaeque</span> <span class='ocrx_word' id='word_1_124' title='bbox 1207 2176 1397 2258; x_wconf 88' lang='lat' dir='ltr'>simulacra</span> <span class='ocrx_word' id='word_1_125' title='bbox 1410 2195 1555 2258; x_wconf 88' lang='lat' dir='ltr'>revocat</span> <span class='ocrx_word' id='word_1_126' title='bbox 1572 2196 1610 2256; x_wconf 90' lang='lat' dir='ltr'>et</span> <span class='ocrx_word' id='word_1_127' title='bbox 1624 2179 1818 2288; x_wconf 83' lang='lat' dir='ltr'>repraesen.</span> 
     </span>
     <span class='ocr_line' id='line_1_16' title="bbox 281 2299 1819 2417; baseline -0.001 -25"><span class='ocrx_word' id='word_1_128' title='bbox 281 2329 347 2412; x_wconf 91' lang='lat' dir='ltr'>tat,</span> <span class='ocrx_word' id='word_1_129' title='bbox 353 2311 470 2390; x_wconf 86' lang='lat' dir='ltr'>donec</span> <span class='ocrx_word' id='word_1_130' title='bbox 483 2299 564 2417; x_wconf 79' lang='lat' dir='ltr'>iplae</span> <span class='ocrx_word' id='word_1_131' title='bbox 582 2305 726 2386; x_wconf 76' lang='lat' dir='ltr'>turbidi</span> <span class='ocrx_word' id='word_1_132' title='bbox 739 2305 971 2388; x_wconf 85' lang='lat' dir='ltr'>confluentes</span> <span class='ocrx_word' id='word_1_133' title='bbox 984 2305 1255 2386; x_wconf 85' lang='lat' dir='ltr'>tumultuentur</span> <span class='ocrx_word' id='word_1_134' title='bbox 1273 2304 1523 2413; x_wconf 81' lang='lat' dir='ltr'>cogitationes,</span> <span class='ocrx_word' id='word_1_135' title='bbox 1534 2307 1819 2416; x_wconf 74' lang='lat' dir='ltr'>preteritorum-</span> 
     </span>
     <span class='ocr_line' id='line_1_17' title="bbox 280 2431 1462 2548; baseline -0.007 -28"><span class='ocrx_word' id='word_1_136' title='bbox 280 2467 354 2548; x_wconf 91' lang='lat' dir='ltr'>que</span> <span class='ocrx_word' id='word_1_137' title='bbox 373 2434 663 2545; x_wconf 78' lang='lat' dir='ltr'>spectaculorum</span> <span class='ocrx_word' id='word_1_138' title='bbox 679 2432 879 2514; x_wconf 84' lang='lat' dir='ltr'>recordatio</span> <span class='ocrx_word' id='word_1_139' title='bbox 896 2431 1037 2513; x_wconf 87' lang='lat' dir='ltr'>suturas</span> <span class='ocrx_word' id='word_1_140' title='bbox 1053 2431 1258 2540; x_wconf 85' lang='lat' dir='ltr'>auspicetur</span> <span class='ocrx_word' id='word_1_141' title='bbox 1272 2433 1462 2542; x_wconf 81' lang='lat' dir='ltr'>nequitias</span> 
     </span>
    </p>

    <p class='ocr_par' dir='ltr' id='par_1_6' title="bbox 277 2559 1820 4812">
     <span class='ocr_line' id='line_1_18' title="bbox 335 2559 1818 2671; baseline 0 -27"><span class='ocrx_word' id='word_1_142' title='bbox 335 2563 494 2646; x_wconf 85' lang='lat' dir='ltr'>Accedit</span> <span class='ocrx_word' id='word_1_143' title='bbox 510 2560 639 2671; x_wconf 88' lang='lat' dir='ltr'>quod&#39;</span> <span class='ocrx_word' id='word_1_144' title='bbox 629 2587 668 2640; x_wconf 87' lang='grc' dir='ltr'>ιιι</span> <span class='ocrx_word' id='word_1_145' title='bbox 684 2559 859 2642; x_wconf 76' lang='lat' dir='ltr'>immonis</span> <span class='ocrx_word' id='word_1_146' title='bbox 867 2559 1081 2671; x_wconf 86' lang='lat' dir='ltr'>quotidiani</span> <span class='ocrx_word' id='word_1_147' title='bbox 1100 2559 1207 2640; x_wconf 89' lang='lat' dir='ltr'>usum</span> <span class='ocrx_word' id='word_1_148' title='bbox 1225 2561 1342 2642; x_wconf 89' lang='lat' dir='ltr'>Vetus</span> <span class='ocrx_word' id='word_1_149' title='bbox 1355 2559 1612 2643; x_wconf 77' lang='lat' dir='ltr'>eomoedia</span> <span class='ocrx_word' id='word_1_150' title='bbox 1575 2561 1686 2643; x_wconf 74' lang='lat' dir='ltr'>nimis</span> <span class='ocrx_word' id='word_1_151' title='bbox 1702 2561 1818 2645; x_wconf 88' lang='lat' dir='ltr'>devo-</span> 
     </span>
     <span class='ocr_line' id='line_1_19' title="bbox 279 2688 1815 2835; baseline -0.002 -59"><span class='ocrx_word' id='word_1_152' title='bbox 279 2698 374 2776; x_wconf 88' lang='lat' dir='ltr'>cavit</span> <span class='ocrx_word' id='word_1_153' title='bbox 396 2691 604 2772; x_wconf 88' lang='lat' dir='ltr'>facinorum</span> <span class='ocrx_word' id='word_1_154' title='bbox 630 2690 884 2835; x_wconf 82' lang='lat' dir='ltr'>frequentium</span> <span class='ocrx_word' id='word_1_155' title='bbox 913 2691 1231 2772; x_wconf 88' lang='lat' dir='ltr'>consuetudinem.</span> <span class='ocrx_word' id='word_1_156' title='bbox 1290 2688 1356 2770; x_wconf 90' lang='lat' dir='ltr'>Est</span> <span class='ocrx_word' id='word_1_157' title='bbox 1374 2689 1568 2800; x_wconf 71' lang='lat' dir='ltr'>profesto,</span> <span class='ocrx_word' id='word_1_158' title='bbox 1589 2693 1672 2772; x_wconf 88' lang='lat' dir='ltr'>est</span> <span class='ocrx_word' id='word_1_159' title='bbox 1661 2720 1711 2772; x_wconf 90' lang='grc' dir='ltr'>ιιι</span> <span class='ocrx_word' id='word_1_160' title='bbox 1719 2694 1815 2774; x_wconf 82' lang='lat' dir='ltr'>inte·</span> 
     </span>
     <span class='ocr_line' id='line_1_20' title="bbox 282 2817 1817 2934; baseline -0.004 -28"><span class='ocrx_word' id='word_1_161' title='bbox 282 2827 355 2934; x_wconf 87' lang='lat' dir='ltr'>gris</span> <span class='ocrx_word' id='word_1_162' title='bbox 370 2841 483 2929; x_wconf 92' lang='lat' dir='ltr'>atque</span> <span class='ocrx_word' id='word_1_163' title='bbox 501 2819 794 2900; x_wconf 87' lang='lat' dir='ltr'>incontaminatis</span> <span class='ocrx_word' id='word_1_164' title='bbox 807 2817 939 2897; x_wconf 89' lang='lat' dir='ltr'>animis</span> <span class='ocrx_word' id='word_1_165' title='bbox 954 2819 1048 2898; x_wconf 91' lang='lat' dir='ltr'>mira</span> <span class='ocrx_word' id='word_1_166' title='bbox 1067 2821 1243 2926; x_wconf 85' lang='lat' dir='ltr'>quaedam</span> <span class='ocrx_word' id='word_1_167' title='bbox 1253 2817 1467 2900; x_wconf 84' lang='lat' dir='ltr'>mollitieset</span> <span class='ocrx_word' id='word_1_168' title='bbox 1486 2821 1665 2922; x_wconf 81' lang='lat' dir='ltr'>teneritas,</span> <span class='ocrx_word' id='word_1_169' title='bbox 1695 2846 1817 2931; x_wconf 76' lang='lat' dir='ltr'>quma</span> 
     </span>
     <span class='ocr_line' id='line_1_21' title="bbox 283 2941 1819 3054; baseline -0.003 -19"><span class='ocrx_word' id='word_1_170' title='bbox 283 2949 423 3036; x_wconf 86' lang='lat' dir='ltr'>sceleris</span> <span class='ocrx_word' id='word_1_171' title='bbox 441 2947 600 3027; x_wconf 85' lang='lat' dir='ltr'>novitate</span> <span class='ocrx_word' id='word_1_172' title='bbox 619 2963 697 3024; x_wconf 90' lang='lat' dir='ltr'>tota</span> <span class='ocrx_word' id='word_1_173' title='bbox 714 2943 1117 3050; x_wconf 83' lang='lat' dir='ltr'>tremcnsborrenlque</span> <span class='ocrx_word' id='word_1_174' title='bbox 1135 2943 1282 3050; x_wconf 85' lang='lat' dir='ltr'>refugit.</span> <span class='ocrx_word' id='word_1_175' title='bbox 1340 2941 1420 3023; x_wconf 88' lang='lat' dir='ltr'>Ubi</span> <span class='ocrx_word' id='word_1_176' title='bbox 1439 2945 1582 3026; x_wconf 81' lang='lat' dir='ltr'>veroin</span> <span class='ocrx_word' id='word_1_177' title='bbox 1613 2972 1679 3028; x_wconf 91' lang='lat' dir='ltr'>ora</span> <span class='ocrx_word' id='word_1_178' title='bbox 1707 2964 1819 3054; x_wconf 86' lang='lat' dir='ltr'>atque</span> 
     </span>
     <span class='ocr_line' id='line_1_22' title="bbox 283 3067 1814 3180; baseline -0.002 -22"><span class='ocrx_word' id='word_1_179' title='bbox 283 3077 439 3158; x_wconf 88' lang='lat' dir='ltr'>invoces</span> <span class='ocrx_word' id='word_1_180' title='bbox 456 3073 629 3152; x_wconf 89' lang='lat' dir='ltr'>omnium</span> <span class='ocrx_word' id='word_1_181' title='bbox 658 3067 993 3177; x_wconf 83' lang='lat' dir='ltr'>pervolgatafucrit</span> <span class='ocrx_word' id='word_1_182' title='bbox 1010 3069 1237 3176; x_wconf 88' lang='lat' dir='ltr'>flagitiorum</span> <span class='ocrx_word' id='word_1_183' title='bbox 1255 3070 1425 3150; x_wconf 88' lang='lat' dir='ltr'>crebritas</span> <span class='ocrx_word' id='word_1_184' title='bbox 1455 3071 1724 3180; x_wconf 77' lang='lat' dir='ltr'>celebritatique,</span> <span class='ocrx_word' id='word_1_185' title='bbox 1754 3075 1814 3155; x_wconf 86' lang='lat' dir='ltr'>in·</span> 
     </span>
     <span class='ocr_line' id='line_1_23' title="bbox 282 3194 1816 3312; baseline -0.001 -28"><span class='ocrx_word' id='word_1_186' title='bbox 282 3231 401 3312; x_wconf 85' lang='lat' dir='ltr'>genua</span> <span class='ocrx_word' id='word_1_187' title='bbox 420 3201 479 3280; x_wconf 90' lang='lat' dir='ltr'>illa</span> <span class='ocrx_word' id='word_1_188' title='bbox 499 3199 680 3278; x_wconf 89' lang='lat' dir='ltr'>timiditas.</span> <span class='ocrx_word' id='word_1_189' title='bbox 689 3194 822 3276; x_wconf 89' lang='lat' dir='ltr'>senfim</span> <span class='ocrx_word' id='word_1_190' title='bbox 840 3195 1045 3292; x_wconf 84' lang='lat' dir='ltr'>conteritur</span> <span class='ocrx_word' id='word_1_191' title='bbox 1061 3217 1100 3276; x_wconf 92' lang='lat' dir='ltr'>et</span> <span class='ocrx_word' id='word_1_192' title='bbox 1113 3195 1321 3294; x_wconf 85' lang='lat' dir='ltr'>conficitur,</span> <span class='ocrx_word' id='word_1_193' title='bbox 1340 3195 1459 3275; x_wconf 90' lang='lat' dir='ltr'>donec</span> <span class='ocrx_word' id='word_1_194' title='bbox 1478 3196 1816 3308; x_wconf 80' lang='lat' dir='ltr'>tandemitnprobd</span> 
     </span>
     <span class='ocr_line' id='line_1_24' title="bbox 281 3323 1816 3435; baseline -0.003 -23"><span class='ocrx_word' id='word_1_195' title='bbox 281 3329 496 3422; x_wconf 82' lang='lat' dir='ltr'>fortitudine</span> <span class='ocrx_word' id='word_1_196' title='bbox 522 3343 559 3406; x_wconf 91' lang='lat' dir='ltr'>et</span> <span class='ocrx_word' id='word_1_197' title='bbox 577 3323 838 3434; x_wconf 76' lang='lat' dir='ltr'>perseverantii</span> <span class='ocrx_word' id='word_1_198' title='bbox 861 3323 1070 3420; x_wconf 87' lang='lat' dir='ltr'>audiamus,</span> <span class='ocrx_word' id='word_1_199' title='bbox 1087 3323 1302 3430; x_wconf 80' lang='lat' dir='ltr'>spectemus,</span> <span class='ocrx_word' id='word_1_200' title='bbox 1319 3347 1485 3429; x_wconf 88' lang='lat' dir='ltr'>agamus,</span> <span class='ocrx_word' id='word_1_201' title='bbox 1495 3349 1728 3435; x_wconf 76' lang='lat' dir='ltr'>quascunque</span> <span class='ocrx_word' id='word_1_202' title='bbox 1745 3327 1816 3408; x_wconf 87' lang='lat' dir='ltr'>do·</span> 
     </span>
     <span class='ocr_line' id='line_1_25' title="bbox 282 3452 1815 3566; baseline 0 -26"><span class='ocrx_word' id='word_1_203' title='bbox 282 3459 520 3540; x_wconf 86' lang='lat' dir='ltr'>mesticorum</span> <span class='ocrx_word' id='word_1_204' title='bbox 530 3455 792 3566; x_wconf 84' lang='lat' dir='ltr'>exemplorum</span> <span class='ocrx_word' id='word_1_205' title='bbox 806 3455 1129 3541; x_wconf 82' lang='lat' dir='ltr'>commendatione</span> <span class='ocrx_word' id='word_1_206' title='bbox 1147 3459 1321 3536; x_wconf 65' lang='lat' dir='ltr'>utunturr</span> <span class='ocrx_word' id='word_1_207' title='bbox 1334 3453 1468 3562; x_wconf 84' lang='lat' dir='ltr'>Siquis</span> <span class='ocrx_word' id='word_1_208' title='bbox 1476 3452 1570 3536; x_wconf 86' lang='lat' dir='ltr'>sorte</span> <span class='ocrx_word' id='word_1_209' title='bbox 1586 3457 1815 3566; x_wconf 84' lang='lat' dir='ltr'>obstupescat</span> 
     </span>
     <span class='ocr_line' id='line_1_26' title="bbox 281 3580 1815 3693; baseline -0.007 -25"><span class='ocrx_word' id='word_1_210' title='bbox 281 3587 544 3668; x_wconf 83' lang='lat' dir='ltr'>hodiernorum</span> <span class='ocrx_word' id='word_1_211' title='bbox 565 3609 724 3663; x_wconf 86' lang='lat' dir='ltr'>morum</span> <span class='ocrx_word' id='word_1_212' title='bbox 740 3581 941 3679; x_wconf 87' lang='lat' dir='ltr'>licentiam,</span> <span class='ocrx_word' id='word_1_213' title='bbox 953 3581 993 3660; x_wconf 91' lang='lat' dir='ltr'>in</span> <span class='ocrx_word' id='word_1_214' title='bbox 1010 3581 1250 3689; x_wconf 75' lang='lat' dir='ltr'>concipiendi</span> <span class='ocrx_word' id='word_1_215' title='bbox 1269 3580 1430 3688; x_wconf 84' lang='lat' dir='ltr'>nequitial</span> <span class='ocrx_word' id='word_1_216' title='bbox 1442 3580 1681 3683; x_wconf 81' lang='lat' dir='ltr'>alacritatem,-</span> <span class='ocrx_word' id='word_1_217' title='bbox 1692 3586 1733 3666; x_wconf 91' lang='lat' dir='ltr'>in</span> <span class='ocrx_word' id='word_1_218' title='bbox 1749 3613 1815 3693; x_wconf 69' lang='lat' dir='ltr'>ag-</span> 
     </span>
     <span class='ocr_line' id='line_1_27' title="bbox 281 3705 1810 3820; baseline 0.001 -30"><span class='ocrx_word' id='word_1_219' title='bbox 281 3711 476 3820; x_wconf 73' lang='lat' dir='ltr'>grediendi</span> <span class='ocrx_word' id='word_1_220' title='bbox 505 3709 710 3805; x_wconf 85' lang='lat' dir='ltr'>audaciam,</span> <span class='ocrx_word' id='word_1_221' title='bbox 739 3705 1210 3814; x_wconf 70' lang='lat' dir='ltr'>iungendi-constantiam,</span> <span class='ocrx_word' id='word_1_222' title='bbox 1241 3706 1279 3784; x_wconf 90' lang='lat' dir='ltr'>in</span> <span class='ocrx_word' id='word_1_223' title='bbox 1299 3705 1560 3788; x_wconf 77' lang='lat' dir='ltr'>reminiscenda</span> <span class='ocrx_word' id='word_1_224' title='bbox 1573 3709 1810 3812; x_wconf 88' lang='lat' dir='ltr'>hilaritatem,</span> 
     </span>
     <span class='ocr_line' id='line_1_28' title="bbox 281 3833 1813 3945; baseline 0.002 -27"><span class='ocrx_word' id='word_1_225' title='bbox 281 3843 319 3918; x_wconf 87' lang='lat' dir='ltr'>in</span> <span class='ocrx_word' id='word_1_226' title='bbox 336 3835 666 3920; x_wconf 74' lang='lat' dir='ltr'>commemorandi</span> <span class='ocrx_word' id='word_1_227' title='bbox 680 3833 890 3939; x_wconf 76' lang='lat' dir='ltr'>jactantiam</span> <span class='ocrx_word' id='word_1_228' title='bbox 906 3852 1018 3942; x_wconf 83' lang='lat' dir='ltr'>atque</span> <span class='ocrx_word' id='word_1_229' title='bbox 1035 3835 1316 3933; x_wconf 86' lang='lat' dir='ltr'>exultationem,</span> <span class='ocrx_word' id='word_1_230' title='bbox 1326 3833 1456 3914; x_wconf 91' lang='lat' dir='ltr'>abhoc</span> <span class='ocrx_word' id='word_1_231' title='bbox 1468 3833 1571 3917; x_wconf 89' lang='lat' dir='ltr'>sonte</span> <span class='ocrx_word' id='word_1_232' title='bbox 1581 3837 1813 3945; x_wconf 76' lang='lat' dir='ltr'>potillrmitm</span> 
     </span>
     <span class='ocr_line' id='line_1_29' title="bbox 281 3957 1813 4067; baseline 0.003 -24"><span class='ocrx_word' id='word_1_233' title='bbox 281 3965 433 4044; x_wconf 88' lang='lat' dir='ltr'>derivari</span> <span class='ocrx_word' id='word_1_234' title='bbox 456 3961 646 4066; x_wconf 88' lang='lat' dir='ltr'>intelligat,</span> <span class='ocrx_word' id='word_1_235' title='bbox 676 3957 777 4064; x_wconf 85' lang='lat' dir='ltr'>qubd</span> <span class='ocrx_word' id='word_1_236' title='bbox 803 3957 1017 4066; x_wconf 83' lang='lat' dir='ltr'>integritatis</span> <span class='ocrx_word' id='word_1_237' title='bbox 1046 3979 1158 4067; x_wconf 82' lang='lat' dir='ltr'>atque</span> <span class='ocrx_word' id='word_1_238' title='bbox 1188 3958 1406 4040; x_wconf 81' lang='lat' dir='ltr'>innocentiae</span> <span class='ocrx_word' id='word_1_239' title='bbox 1422 3961 1550 4042; x_wconf 88' lang='lat' dir='ltr'>rubori</span> <span class='ocrx_word' id='word_1_240' title='bbox 1581 3963 1680 4050; x_wconf 88' lang='lat' dir='ltr'>nulla</span> <span class='ocrx_word' id='word_1_241' title='bbox 1706 3990 1813 4047; x_wconf 84' lang='lat' dir='ltr'>reve·</span> 
     </span>
     <span class='ocr_line' id='line_1_30' title="bbox 278 4085 1820 4203; baseline -0.005 -31"><span class='ocrx_word' id='word_1_242' title='bbox 278 4093 405 4192; x_wconf 83' lang='lat' dir='ltr'>tentia,</span> <span class='ocrx_word' id='word_1_243' title='bbox 434 4087 537 4172; x_wconf 89' lang='lat' dir='ltr'>nulla</span> <span class='ocrx_word' id='word_1_244' title='bbox 554 4086 703 4166; x_wconf 90' lang='lat' dir='ltr'>aurium</span> <span class='ocrx_word' id='word_1_245' title='bbox 722 4085 946 4186; x_wconf 83' lang='lat' dir='ltr'>castimonia,</span> <span class='ocrx_word' id='word_1_246' title='bbox 978 4085 1079 4168; x_wconf 91' lang='lat' dir='ltr'>nulla</span> <span class='ocrx_word' id='word_1_247' title='bbox 1096 4087 1168 4168; x_wconf 86' lang='lat' dir='ltr'>oris</span> <span class='ocrx_word' id='word_1_248' title='bbox 1185 4085 1313 4195; x_wconf 88' lang='lat' dir='ltr'>religio</span> <span class='ocrx_word' id='word_1_249' title='bbox 1331 4087 1397 4172; x_wconf 88' lang='lat' dir='ltr'>est.</span> <span class='ocrx_word' id='word_1_250' title='bbox 1451 4087 1594 4197; x_wconf 85' lang='lat' dir='ltr'>Neque</span> <span class='ocrx_word' id='word_1_251' title='bbox 1611 4091 1711 4172; x_wconf 89' lang='lat' dir='ltr'>enim</span> <span class='ocrx_word' id='word_1_252' title='bbox 1731 4093 1820 4203; x_wconf 89' lang='lat' dir='ltr'>spe..</span> 
     </span>
     <span class='ocr_line' id='line_1_31' title="bbox 280 4219 1817 4343; baseline 0.003 -41"><span class='ocrx_word' id='word_1_253' title='bbox 280 4222 438 4304; x_wconf 90' lang='lat' dir='ltr'>randum</span> <span class='ocrx_word' id='word_1_254' title='bbox 476 4221 542 4321; x_wconf 91' lang='lat' dir='ltr'>est,</span> <span class='ocrx_word' id='word_1_255' title='bbox 573 4221 714 4305; x_wconf 82' lang='grc' dir='ltr'><strong>ιἰιΙιιίι</strong></span> <span class='ocrx_word' id='word_1_256' title='bbox 746 4219 976 4302; x_wconf 87' lang='lat' dir='ltr'>insolentiam</span> <span class='ocrx_word' id='word_1_257' title='bbox 1009 4219 1146 4300; x_wconf 86' lang='lat' dir='ltr'>diutius</span> <span class='ocrx_word' id='word_1_258' title='bbox 1163 4219 1497 4302; x_wconf 89' lang='lat' dir='ltr'>reformidaturum</span> <span class='ocrx_word' id='word_1_259' title='bbox 1526 4219 1597 4302; x_wconf 78' lang='lat' dir='ltr'>ello</span> <span class='ocrx_word' id='word_1_260' title='bbox 1625 4221 1817 4343; x_wconf 52' lang='lat' dir='ltr'>sumtum,</span> 
     </span>
     <span class='ocr_line' id='line_1_32' title="bbox 279 4345 1261 4456; baseline -0.001 -28"><span class='ocrx_word' id='word_1_261' title='bbox 279 4371 370 4428; x_wconf 90' lang='lat' dir='ltr'>cum</span> <span class='ocrx_word' id='word_1_262' title='bbox 388 4345 427 4426; x_wconf 90' lang='lat' dir='ltr'>in</span> <span class='ocrx_word' id='word_1_263' title='bbox 444 4346 680 4456; x_wconf 70' lang='lat' dir='ltr'>torp&#39;tudiois</span> <span class='ocrx_word' id='word_1_264' title='bbox 694 4345 868 4456; x_wconf 65' lang='lat' dir='ltr'>patientis</span> <span class='ocrx_word' id='word_1_265' title='bbox 884 4345 1126 4428; x_wconf 90' lang='lat' dir='ltr'>obduruerint</span> <span class='ocrx_word' id='word_1_266' title='bbox 1143 4369 1261 4428; x_wconf 85' lang='lat' dir='ltr'>aures.</span> 
     </span>
     <span class='ocr_line' id='line_1_33' title="bbox 284 4473 1813 4588; baseline 0.002 -32"><span class='ocrx_word' id='word_1_267' title='bbox 284 4529 294 4542; x_wconf 88' lang='lat'><strong>·</strong></span> <span class='ocrx_word' id='word_1_268' title='bbox 332 4477 384 4558; x_wconf 91' lang='lat' dir='ltr'>Et</span> <span class='ocrx_word' id='word_1_269' title='bbox 397 4477 477 4584; x_wconf 90' lang='lat' dir='ltr'>jam</span> <span class='ocrx_word' id='word_1_270' title='bbox 495 4477 650 4585; x_wconf 89' lang='lat' dir='ltr'>quidem</span> <span class='ocrx_word' id='word_1_271' title='bbox 666 4475 713 4556; x_wconf 84' lang='lat' dir='ltr'>ad</span> <span class='ocrx_word' id='word_1_272' title='bbox 730 4473 1134 4560; x_wconf 84' lang='lat' dir='ltr'>exitum-festinamus:</span> <span class='ocrx_word' id='word_1_273' title='bbox 1164 4503 1279 4587; x_wconf 88' lang='lat' dir='ltr'>pauca</span> <span class='ocrx_word' id='word_1_274' title='bbox 1288 4493 1412 4556; x_wconf 88' lang='lat' dir='ltr'>tamen</span> <span class='ocrx_word' id='word_1_275' title='bbox 1425 4473 1716 4588; x_wconf 82' lang='lat' dir='ltr'>liceatprolerre,</span> <span class='ocrx_word' id='word_1_276' title='bbox 1728 4505 1813 4588; x_wconf 83' lang='lat' dir='ltr'>quaa</span> 
     </span>
     <span class='ocr_line' id='line_1_34' title="bbox 277 4603 1811 4721; baseline 0.006 -38"><span class='ocrx_word' id='word_1_277' title='bbox 277 4628 401 4710; x_wconf 91' lang='lat' dir='ltr'>neque</span> <span class='ocrx_word' id='word_1_278' title='bbox 436 4619 525 4688; x_wconf 84' lang='lat' dir='ltr'>cum</span> <span class='ocrx_word' id='word_1_279' title='bbox 557 4603 679 4689; x_wconf 84' lang='lat' dir='ltr'>nostri</span> <span class='ocrx_word' id='word_1_280' title='bbox 702 4603 877 4686; x_wconf 87' lang='lat' dir='ltr'>sermonis</span> <span class='ocrx_word' id='word_1_281' title='bbox 899 4603 1024 4688; x_wconf 86' lang='lat' dir='ltr'>officio</span> <span class='ocrx_word' id='word_1_282' title='bbox 1055 4605 1212 4690; x_wconf 89' lang='lat' dir='ltr'>omnind</span> <span class='ocrx_word' id='word_1_283' title='bbox 1238 4605 1433 4714; x_wconf 67' lang='lat' dir='ltr'>conjuncta</span> <span class='ocrx_word' id='word_1_284' title='bbox 1449 4604 1545 4709; x_wconf 91' lang='lat' dir='ltr'>sunt,</span> <span class='ocrx_word' id='word_1_285' title='bbox 1560 4633 1642 4688; x_wconf 83' lang='lat' dir='ltr'>nec</span> <span class='ocrx_word' id='word_1_286' title='bbox 1667 4606 1811 4721; x_wconf 85' lang='lat' dir='ltr'>prorsus</span> 
     </span>
     <span class='ocr_line' id='line_1_35' title="bbox 277 4725 404 4812; baseline 0.039 -6"><span class='ocrx_word' id='word_1_287' title='bbox 277 4725 404 4812; x_wconf 88' lang='lat' dir='ltr'>aliena.</span> 
     </span>
    </p>
   </div>
   <div class='ocr_carea' id='block_1_6' title="bbox 1605 4935 1809 5054">
    <p class='ocr_par' dir='ltr' id='par_1_7' title="bbox 1605 4935 1809 5054">
     <span class='ocr_line' id='line_1_36' title="bbox 1605 4935 1809 5054; baseline 0.01 -3"><span class='ocrx_word' id='word_1_288' title='bbox 1605 4935 1611 4944; x_wconf 37' lang='lat'>⁵</span> <span class='ocrx_word' id='word_1_289' title='bbox 1706 4969 1809 5054; x_wconf 86' lang='lat' dir='ltr'>Cum</span> 
     </span>
    </p>
   </div>
   <div class='ocr_carea' id='block_1_7' title="bbox 0 0 2148 5584">
    <p class='ocr_par' dir='ltr' id='par_1_8' title="bbox 0 0 2148 5584">
     <span class='ocr_line' id='line_1_37' title="bbox 0 0 2148 5584; baseline 0 6"><span class='ocrx_word' id='word_1_290' title='bbox 0 0 2148 5584; x_wconf 95' lang='lat' dir='ltr'> </span> 
     </span>
    </p>
   </div>
  </div>
 </body>
</html>
