4288 5584
949 310 1245 486 (22)

371 599 512 725 foere,
549 602 631 735 qui
668 604 894 736 optimam
949 598 1234 736 disciplinam
1281 575 1568 692 dedecorant.
1643 597 1822 694 Verum

253 895 259 902 Ι
371 760 564 897 quidem
604 757 686 882 ell,
724 761 858 896 quod,
888 762 1056 896 magna
1091 795 1192 896 pars
1225 754 1528 855 studiosorum
1563 743 1818 890 voluptates

371 946 601 1058 quarunt,
639 922 804 1054 quibus
842 919 939 1056 quo
972 917 1115 1058 magis
1149 918 1407 1052 indulgent,
1439 954 1498 1016 eo
1527 905 1708 1034 adrem
1732 919 1824 1014 rni-

373 1109 460 1184 nus
484 1083 587 1182 sunt
609 1087 787 1181 attenti.
859 1086 944 1184 Sed
985 1088 1068 1220 qui
1105 1084 1215 1182 serio
1249 1080 1310 1178 ad
1343 1073 1823 1214 capiendumiltg'enii

375 1245 557 1342 cultum
580 1241 783 1341 Athenas
802 1243 970 1344 nostras
994 1245 1272 1366 concedunt,
1291 1243 1434 1372 magis
1460 1235 1660 1358 modico,¹
1680 1269 1822 1373 quam

373 1404 581 1542 plerique
621 1404 910 1531 arbitrantur,
945 1397 1201 1506 etiamnum
1247 1401 1428 1500 alantur
1450 1392 1704 1534 ,sumptus
1749 1402 1820 1500 Ut

373 1589 432 1664 ut
455 1564 549 1664 hoc
564 1560 646 1696 stt,
683 1603 815 1686 num,
840 1563 1008 1700 quaeso,
1049 1569 1282 1701 pauciores
1318 1564 1423 1662 sunt
1458 1560 1517 1660 ad
1540 1562 1828 1699 voluptatem

374 1723 633 1845 illecebrae,··
654 1728 895 1858 pauciores
914 1727 1220 1860 impensarum
1249 1720 1508 1824 occasiones
1547 1725 1670 1860 apud
1695 1751 1829 1824 exte-

375 1860 447 1986 ras
468 1887 739 2006 academias,
774 1897 976 2009 Batavos,
1004 1887 1281 2006 Helveticas‚
1307 1888 1623 2012 Germanicas,
1656 1885 1827 2014 Italas3

377 2047 450 2148 vel
514 2047 640 2185 a'pud
706 2045 946 2186 populares
981 2045 1135 2146 nostro
1176 2051 1614 2150 Scuto-Britannos?
1655 2049 1830 2182 experti

379 2209 549 2309 dicant.

451 2533 511 2626 Ir
527 2562 585 2624 sn
628 2561 714 2661 pro
750 2549 990 2660 comperto
1021 2523 1393 2651 allerereausrm,
1433 2526 1711 2626 medicinam
1742 2527 1831 2624 im·

378 2687 518 2824 penld
538 2723 635 2790 non
659 2687 835 2822 majori,
861 2711 908 2784 et
929 2691 1044 2820 pari,
1068 2713 1124 2785 ut
1147 2691 1378 2790 mininum
1401 2690 1570 2812 dicam,
1590 2725 1702 2812 cum
1725 2725 1834 2824 pro·-

382 2843 505 2948 leetu
527 2852 577 2948 in
602 2846 761 2948 nostris
788 2847 1050 2970 Academiis
1072 2848 1222 2949 excoli
1257 2852 1468 2988 potuille,
1511 2886 1566 2949 ac
1594 2855 1643 2948 in
1676 2849 1836 2987 quivis

381 3005 487 3125 alii,
523 3003 561 3106 sr
600 3009 702 3140 quis
738 3006 933 3128 uoluerit
971 3036 1017 3108 et
1050 3009 1357 3148 frugalitatem
1391 3016 1837 3150 temperantiamque

385 3203 481 3266 non
505 3165 762 3303 aspernatus
788 3166 940 3289 fuerit,
977 3174 1115 3270 etiam
1157 3207 1266 3272 cum
1297 3173 1392 3272 non
1421 3175 1562 3273 ellent
1595 3170 1697 3300 illis,
1734 3209 1836 3307 quae

385 3363 510 3426 nunc
559 3327 677 3451 sunt,
729 3329 1116 3429 Nosocontiorum
1163 3329 1384 3432 subfidia.
1460 3334 1601 3464 Quod
1623 3332 1689 3434 -sr
1735 3371 1837 3477 quar

386 3485 572 3581 aliunde
594 3487 857 3583 assumenda
880 3486 984 3581 sunt
1007 3489 1190 3607 auxilia,
1217 3491 1475 3627 promptius
1498 3522 1545 3592 et
1570 3491 1765 3629 paratiirs
1789 3499 1838 3591 iu

385 3643 473 3744 haic
497 3645 609 3745 urbe
630 3642 655 3746 a*
677 3645 946 3745 nostratibus
976 3656 1281 3784 comparanda
1322 3656 1440 3782 sunt,
1475 3657 1617 3791 quim
1660 3661 1708 3756 in
1747 3657 1840 3756 ulla

387 3805 556 3932 exteri,
586 3808 729 3906 modo
765 3804 851 3940 fibi
892 3807 996 3940 ipsr's
1033 3845 1128 3912 non
1167 3811 1411 3920 defuerint.
1451 3827 1600 3920 ·N'on
1625 3819 1689 3920 est
1713 3857 1838 3956 ergo,

388 3991 443 4066 ut
475 3965 659 4102 peregre
689 3991 899 4102 petamus
935 3969 1001 4090 id,
1038 3974 1166 4103 quod
1190 3981 1343 4109 patria
1367 3976 1526 4078 nostrae
1549 4017 1644 4084 non
1680 3979 1838 4099 deest·;

390 4149 438 4231 et
460 4127 510 4224 in
534 4131 793 4258 quoetiam
829 4133 997 4232 cacteris
1021 4135 1232 4268 gentibus
1250 4137 1443 4272 praestat.
1495 4201 1502 4212 ·
1557 4202 1561 4210 ·
1820 4190 1824 4206 ·

467 4445 594 4538 Cum
620 4475 726 4540 vero
749 4448 1159 4578 peregrinationem
1183 4445 1251 4578 ‚ad
1284 4457 1520 4572 medicinae
1543 4418 1842 4562 lludiuindl·

395 4599 543 4708 cimus
569 4633 663 4700 non
686 4603 772 4730 effe
795 4605 1083 4744 necellariam
1099 4611 1150 4708 in
1184 4613 1338 4716 nostro
1369 4653 1478 4742 aevo,
1505 4627 1630 4752 utin
1656 4623 1737 4725 illo
1754 4630 1846 4724 Li-

399 4761 568 4881 nacrlo,
590 4759 804 4862 nolumus
828 4768 968 4866 videri
991 4771 1038 4868 in
1069 4766 1120 4869 ei
1145 4771 1232 4874 effe
1256 4774 1492 4902 sententid,
1536 4807 1589 4881 ut
1627 4811 1845 4920 putemus

1728 4982 1846 5070 eam,
