4372 5594
907 717 928 830 (
1002 747 1028 806 2
1101 719 1123 828 )

326 903 468 1014 inlita,
516 903 682 994 Laudis
718 901 924 1012 Cupido!
964 927 1102 1012 quam
1142 923 1262 986 acres
1299 903 1485 1018 Ingenio
1508 905 1710 994 stimulos

326 1065 528 1178 subjicit!
577 1064 662 1148 hle
679 1065 833 1168 elatus,
860 1060 1105 1176 fragilitatis
1136 1059 1228 1148 suae
1249 1061 1504 1176 immemor,
1530 1069 1709 1179 posteris

324 1225 500 1312 videtur
530 1221 730 1312 interesse
755 1228 911 1330 Heros,
947 1240 1004 1328 et,
1044 1238 1259 1334 tanquam
1295 1219 1515 1334 praesenti,
1548 1189 1711 1314 saeculo

324 1353 491 1474 fruitur
524 1383 693 1472 futuro.
762 1390 922 1470 Tantae
946 1396 1100 1468 autem
1122 1383 1221 1467 licet
1245 1385 1420 1470 eximiae
1437 1389 1486 1472 in
1499 1413 1709 1502 unoquo-

323 1575 412 1662 que
441 1574 605 1668 genere
640 1545 799 1631 exinde
838 1544 1039 1629 oriautur
1074 1544 1292 1649 Virtutes3
1330 1543 1563 1658 saepiffime
1599 1552 1705 1660 pul·

319 1714 485 1798 chrum
507 1709 621 1794 illud
635 1707 776 1792 futuri
793 1703 914 1792 flon's
936 1706 1210 1818 principium
1224 1708 1377 1796 lethali
1398 1735 1504 1795 rore
1517 1710 1706 1828 aspergit

319 1871 518 1961 Invidia:
555 1869 702 1986 omnis
738 1866 855 1952 ilicet
889 1866 1128 1955 exficcatus
1164 1869 1364 1972 humor3
1402 1869 1530 1956 ceffat
1562 1873 1704 1958 admi-

317 2037 454 2120 ra‘nda
488 2029 776 2149 germinati03
814 2027 857 2114 et
882 2028 961 2141 qui
983 2025 1069 2114 sese
1093 2029 1142 2114 in
1167 2054 1293 2114 auras
1317 2028 1402 2117 late
1426 2033 1701 2144 expansums

316 2212 409 2280 erat
448 2192 547 2301 flos,
588 2191 844 2310 languescit,
887 2192 1091 2278 moritur.
1163 2199 1203 2278 O
1239 2216 1427 2303 pravam·
1448 2198 1706 2282 Hominum

315 2361 547 2446 Mentem!
577 2364 633 2443 ΙΟ
662 2355 890 2440 stultitiam
929 2351 1062 2466 plane
1100 2354 1439 2441 incredibilem!
1474 2357 1700 2483 Virtutem

316 2535 480 2625 amant,
528 2544 611 2604 nec
653 2514 832 2618 fovent3
868 2515 1026 2600 debitis
1066 2514 1191 2601 illam
1226 2516 1466 2627 praeconiis*
1493 2515 1699 2630 prosequi

313 2676 531 2802 recusant.
602 2677 833 2786 Quamdiu
867 2677 992 2762 enim
1031 2677 1237 2772 interris
1275 2676 1473 2764 versetur
1506 2675 1700 2766 sublima
1778 2729 1783 2736 ·

313 2839 494 2955 aliquod
518 2856 562 2926 et
598 2839 799 2926 ereetum
824 2837 1080 2951 Ingenium,
1120 2837 1235 2946 (non
1258 2834 1405 2922 solum
1428 2837 1484 2924 ad
1500 2838 1703 2954 'humani

312 3004 484 3132 generis
516 2999 771 3084 felicitatem
793 2996 956 3102 verum
976 2998 1111 3096 etiam
1146 2997 1422 3110 dignitatem.
1441 3001 1699 3110 augendam

311 3163 491 3273 uatum)
523 3159 631 3245 edm
660 3175 839 3256 caeteros
873 3152 1050 3269 fulgore
1084 3154 1280 3265 quodam
1301 3151 1380 3238 suo
1403 3155 1702 3274 prrestringat,

311 3342 388 3412 aut
402 3319 626 3438 negledtui
641 3311 936 3422 habitumest,
961 3330 1038 3398 aut
1060 3311 1094 3398 fi
1116 3314 1269 3399 laudes
1292 3317 1363 3400 vel
1385 3315 1514 3402 inviti
1530 3346 1700 3436 ooganf,

309 3444 386 3572 tur
407 3483 602 3588 reddere,
639 3503 732 3564 non
755 3478 850 3560 illas
868 3474 1082 3586 expressas
1095 3475 1302 3586 quidem
1315 3473 1390 3562 sed
1413 3479 1694 3588 adumbratas

309 3646 614 3763 largiuntur..
648 3637 779 3747 Qudd
813 3637 846 3723 fi
882 3639 1054 3723 Natura
1088 3661 1246 3722 eorum
1267 3640 1328 3722 ita
1350 3647 1608 3752 comparata
1624 3645 1694 3754 fit,

309 3810 365 3893 ad
399 3803 616 3892 invidiam
639 3809 877 3912 nunquam
900 3825 994 3884 non
1017 3799 1221 3910 proclivis
1244 3815 1289 3884 et
1306 3801 1498 3890 alienam
1520 3801 1699 3920 samem

306 3969 453 4101 nescia
467 3964 697 4074 tolerandi,
714 3989 805 4076 quo
821 3963 957 4052 modo
973 3960 1040 4048 sui
1056 3961 1189 4074 ipsius
1205 3968 1462 4060 Praeconem
1477 3962 1693 4076 patienter

309 4133 445 4218 seran
1558 4135 1563 4144 '

318 4517 324 4530 .
376 4459 494 4542 uaec⁴
520 4449 668 4564 primo
701 4391 890 4541 ufficuu
929 4445 1080 4535 forsan
1117 4448 1318 4535 viaeatur
1350 4465 1395 4536 et
1427 4397 1697 4564 perobscura

296 4615 521 4730 ·Quaestio;
561 4631 606 4702 at
640 4613 817 4701 cuidam
856 4609 1010 4724 paullo
1032 4611 1238 4716 attentius
1262 4635 1360 4698 rem
1381 4616 1689 4728 perpendenti,

1513 4775 1689 4868 abunde
