4288 5584
1006 295 1023 422 s
1061 323 1124 415 14
1154 301 1171 428 l

361 489 469 566 Cum
488 484 643 566 Poeticae
653 479 732 562 hac
744 476 883 560 indoles
892 473 949 577 fit,
976 492 1022 558 ut
1030 491 1247 586 tempotum
1261 491 1491 586 meatumque
1508 477 1737 578 omniumet
1749 483 1854 566 luco-

312 640 399 696 rurn
409 611 642 708 memoriam
661 623 888 720 pervagans,
917 621 1129 715 natumque
1141 602 1315 696 bunranae
1330 604 1523 688 itmnensra
1538 606 1665 716 spetile
1678 609 1852 718 potiatur,

307 739 430 822 'Prisca
449 738 643 819 Comoedia
655 735 879 816 severiorum
893 730 1018 838 legum
1033 729 1367 840 circumscriptione
1380 730 1419 812 in
1432 729 1651 816 servitutem
1665 736 1854 845 quendam

315 867 457 949 addicta
471 865 543 947 esse
561 864 715 944 videtur.
772 860 866 940 Non
885 861 988 940 enim
1012 860 1050 940 in
1070 857 1249 940 universis
1275 876 1389 974 atque
1405 861 1571 964 infinitis,
1607 863 1667 944 scd
1684 864 1724 946 in
1750 865 1857 948 cdtis

315 1012 354 1074 et
370 990 572 1074 constitutit
589 986 746 1098 personis
763 1003 986 1095 occupatum
1013 1012 1088 1066 non
1096 984 1283 1094 euganeis
1301 986 1438 1098 ingenii
1453 986 1635 1070 celeritate
1649 989 1856 1100 raptirn'ef·

319 1117 451 1215 fertur,
483 1115 656 1198 sed-faeti<
674 1110 1149 1228 neceffitateconcluditur3
1178 1135 1253 1192 non
1272 1116 1675 1224 argumentoimperat,
1701 1115 1762 1197 sed
1779 1117 1856 1199 ser.

319 1245 385 1331 vit'.
441 1243 657 1329 Nccsolirm
676 1239 917 1328 Personarum
926 1239 965 1320 in
979 1239 1326 1340 vereicomoedit,
1338 1237 1653 1354 sed‘Ternporum
1663 1245 1856 1356 angrrstam'

318 1373 683 1484 comprehensionem
706 1390 791 1452 tum
822 1369 865 1450 in
904 1366 1071 1448 universi
1097 1367 1310 1468 Comredid‚
1348 1385 1434 1450 turn
1456 1371 1646 1482 precipud
1671 1373 1715 1454 in
1735 1373 1857 1457 Prisca

320 1503 498 1584 deflemus
512 1501 682 1610 :quippe
698 1525 780 1608 quae
804 1497 984 1605 presentis
1001 1495 1120 1577 seculi
1139 1496 1334 1578 utilitatem
1361 1513 1473 1606 atque
1491 1498 1776 1583 oblediationem
1795 1523 1855 1584 to·

322 1648 359 1711 ta
378 1628 469 1708 adeb
489 1645 606 1726 curat,
638 1644 682 1704 ut
713 1622 864 1732 posteris
890 1620 1055 1729 prodesse
1084 1620 1143 1702 uel
1178 1621 1319 1732 placere
1338 1621 1472 1730 panim
1491 1624 1645 1710 studeat.
1701 1627 1857 1710 Etenim

323 1754 432 1840 Risus
449 1753 656 1832 secretiores
679 1749 804 1848 causae,
835 1749 945 1854 cujus.
967 1745 1171 1829 ministerio
1198 1748 1280 1830 vitae
1302 1749 1591 1831 emendatricem
1622 1751 1791 1834 futuram
1822 1751 1858 1834 se

324 1887 439 1995 sperat
454 1882 664 1981 Cnmoedia,
684 1879 844 1990 speciant
868 1878 914 1958 ad
938 1896 1098 1986 tempus,
1137 1875 1186 1958 ad
1202 1875 1344 1977 locum„
1374 1877 1420 1958 ad
1438 1885 1562 1962 mores
1579 1882 1753 1966 varioeet
1769 1889 1858 1965 mu·

325 2009 454 2090 tubiles
465 2040 483 2096 z,
502 2029 775 2118 perpaucorum
792 2004 940 2085 tantirm
969 2021 1010 2082 et
1025 2001 1293 2123 laodicenorrun
1309 2002 1512 2086 homiuum
1528 2007 1859 2091 auribusserviunt

325 2140 439 2220 etiam
453 2136 645 2220 fortunate
662 2132 927 2240 venustatisque
945 2129 1241 2239 plenaesrcetiaer
1270 2128 1488 2217 futurorum
1504 2133 1721 2216 seculorum
1740 2135 1859 2218 seusus

323 2285 433 2377 atque
449 2261 732 2370 intelligentiam
751 2258 840 2366 sape
853 2257 1129 2368 pretoriolam..
1171 2259 1291 2368 Atqui
1308 2259 1348 2341 itr
1366 2257 1438 2344 hte
1454 2262 1500 2340 reI
1511 2259 1742 2371 potisiiu'runr
1757 2271 1857 2350 Tra·

328 2391 451 2501 goedia
466 2387 626 2470 liberiori
645 2383 849 2466 etseliciori
861 2382 1073 2466 conditione
1086 2383 1144 2492 uti
1164 2384 1321 2484 videtur,
1339 2384 1460 2494 quim
1472 2388 1679 2476 Comoedia.
1739 2393 1860 2476 Mise.

328 2516 486 2603 ricordia
496 2516 613 2612 enim,
641 2513 831 2622 ceterique
840 2509 956 2594 sceuae
968 2510 1112 2621 tragica
1128 2510 1280 2594 affeetu
1300 2537 1436 2596 nonex
1446 2511 1550 2596 fonte
1567 2527 1754 2602 certarum
1772 2539 1859 2604 ata·

273 2663 277 2672 “
327 2665 414 2728 tum
432 2663 496 2727 aut
514 2641 679 2756 gentium
691 2640 842 2752 proprio
859 2657 1057 2738 enranant;
1087 2640 1145 2724 sed
1164 2638 1329 2748 inhujus
1347 2640 1477 2724 nostre
1486 2641 1745 2728 imbecillitatis
1762 2651 1861 2732 sem.

329 2779 480 2888 piternae
495 2776 636 2856 ratione
651 2767 838 2854 constituti
856 2767 953 2868 sunt,
978 2771 1082 2877 eujus
1100 2783 1222 2881 noque
1239 2767 1407 2856 indiserti
1423 2797 1546 2882 neque
1561 2766 1751 2861 adulatrici
1767 2807 1861 2862 con-

329 2907 476 2990 {dentis
500 2901 695 3000 cumillis,
723 2899 942 3007 quibuscum
962 2898 1122 3007 ejusdem
1142 2915 1280 2984 natura
1296 2900 1515 2982 communio
1534 2903 1637 2984 nobis
1656 2904 1862 3013 intercedit,

330 3037 371 3116 in
389 3033 510 3115 lueida
521 3031 746 3124 societatem,
759 3023 1113 3134 permotionumque
1123 3022 1397 3108 consensionem
1415 3027 1554 3136 ubique
1566 3047 1609 3108 et
1624 3028 1767 3141 semper
1784 3033 1860 3116 im-

329 3163 515 3273 pellimur.
570 3161 615 3242 In
638 3156 765 3238 Veteri
784 3156 954 3264 profectb
982 3155 1179 3238 Comoedia
1206 3153 1489 3262 pulchritudinis
1506 3155 1584 3239 duo
1601 3163 1734 3268 genera
1749 3162 1859 3250 sunt:

329 3289 488 3370 alterurn
526 3285 627 3394 quod
644 3309 693 3364 ex
710 3282 793 3363 loco
808 3302 921 3394 atque
938 3307 985 3362 ex
1000 3299 1172 3389 ternpore
1189 3279 1339 3388 pendet,
1365 3281 1467 3362 aliud
1484 3282 1593 3364 estin
1610 3284 1683 3369 hic
1700 3287 1861 3388 civitate,

184 3440 189 3452 ·
331 3415 432 3500 aliud
451 3418 488 3496 in
508 3413 584 3511 illa,
612 3410 712 3493 aliud
729 3437 843 3509 nunc,
870 3410 970 3490 aliud
990 3409 1151 3519 posthac,
1171 3409 1371 3519 aliquando
1380 3411 1528 3492 tandem
1548 3411 1646 3494 senio
1663 3417 1776 3519 victo,
1794 3445 1861 3500 ve-

331 3543 489 3644 ternoso,
519 3541 668 3624 succiet
685 3537 817 3620 coloris
835 3540 980 3648 experti
997 3535 1213 3622 confeuum
1229 3538 1443 3635 extabescit3
1459 3539 1628 3639 elterum,
1657 3544 1761 3651 cujus
1777 3543 1861 3627 sun·

332 3680 503 3760 damenta
517 3671 614 3782 jesia
637 3669 721 3750 sunt
751 3667 789 3748 in
806 3666 1012 3778 cognitione
1040 3665 1214 3750 universae
1231 3663 1483 3769 humanitatis,
1510 3671 1689 3772 constans,
1718 3673 1865 3755 imbru.

332 3804 453 3904 tabile,
481 3825 528 3884 cx
556 3796 744 3881 contrariis
767 3796 987 3906 diversisque
1004 3796 1099 3875 inter
1113 3795 1146 3876 se
1165 3796 1411 3907 pugnantibus
1429 3803 1569 3881 naturae
1586 3799 1725 3902 studiis,
1754 3801 1863 3884 disci·

331 3935 451 4051 pinis,
482 3929 657 4025 uteribus,
674 3925 881 4006 civitatibus
893 3923 1051 4006 conflati
1066 3921 1306 4006 admiratione
1323 3921 1532 4034 perfruitur.

386 4061 475 4150 Nec
490 4058 654 4170 profecti>
672 4055 914 4136 inficiandum
927 4053 991 4152 est,
1012 4053 1300 4137 taciturnitatem
1327 4055 1512 4162 quandam
1543 4073 1653 4164 atque
1684 4055 1864 4142 incuriam

332 4199 371 4278 in
390 4193 518 4274 Veteri
536 4185 733 4270 Comrediai
749 4184 1001 4283 animadverti,
1028 4211 1142 4290 quam
1163 4191 1286 4264 tam'en
1307 4183 1405 4266 istius
1423 4184 1571 4292 ingenio
1601 4183 1709 4268 facile
1741 4187 1865 4296 ignos-

333 4327 463 4408 cimus.
521 4321 623 4402 Cum
642 4317 687 4399 ad
706 4343 760 4397 res
778 4315 941 4425 politicas
959 4316 1131 4394 attentior
1149 4313 1192 4397 stt
1211 4313 1329 4396 Prisca
1346 4314 1556 4410 Comoedia,
1587 4339 1638 4396 ι
1654 4315 1810 4398 incitatis
1826 4335 1866 4398 et

335 4451 559 4535 vibrantibus
577 4446 715 4528 sacellis
732 4443 912 4526 redundet
927 4443 1064 4528 necesse
1082 4443 1146 4542 est,
1180 4469 1260 4550 quae
1280 4443 1418 4554 populo
1436 4443 1526 4524 risus
1545 4432 1778 4527 solutissrm'or
1795 4471 1866 4526 ex·

333 4603 470 4682 curere,
497 4574 712 4684 animosque
730 4573 851 4682 primd
867 4571 1091 4682 aggressione
1111 4595 1290 4681 occupare
1307 4573 1442 4682 poslint
1463 4605 1474 4655 r
1503 4574 1591 4655 hinc
1609 4574 1760 4656 silentur
1791 4573 1869 4657 sete

334 4728 372 4791 et
404 4701 744 4818 pretermittentur,
777 4718 906 4809 utpote
944 4698 1123 4780 curiosam
1162 4698 1272 4779 nimis
1293 4697 1519 4812 diligentiam
1546 4697 1769 4811 plebeiisque
1799 4727 1869 4782 au·

334 4838 432 4923 ribus
466 4859 541 4918 non
573 4827 850 4914 desiderandum
888 4830 1097 4911 sermonem
1126 4826 1337 4940 quaerentia,
1385 4826 1578 4939 fingularia
1603 4848 1642 4912 et
1673 4827 1870 4942 peculiaria

1716 4982 1871 5042 morum
