4372 5594
883 661 903 772 (
980 685 1043 772 14
1111 663 1133 771 )

309 847 412 974 Huc
434 842 522 930 sese
554 845 781 930 contulere
797 843 1040 960 gravissimi
1057 841 1155 949 viri,
1176 846 1435 934 chvnous
1456 861 1500 935 et
1516 851 1691 942 soron.

310 1015 376 1108 Ex
408 1010 495 1094 hoc
531 1007 657 1094 sonte
677 989 859 1092 haustus
890 975 983 1091 nou
1015 1007 1285 1117 expalluere.
1297 1029 1307 1076 τ
1338 1012 1694 1116 Qualiaexinde

308 1187 629 1258 emanaverunt
662 1170 872 1276 instituta,
908 1133 1230 1256 florentiffimae
1252 1175 1512 1260 Graeconnn
1535 1174 1694 1262 testeo·

309 1350 384 1420 tur
407 1333 615 1441 civitates,
655 1339 803 1446 Sparta
826 1347 870 1416 et
894 1333 1103 1418 Athenae.
1156 1338 1356 1450 Legum
1386 1340 1694 1424 Romanarum

308 1497 580 1608 majestatem
603 1515 648 1582 et
676 1494 935 1608 sapientiam
957 1496 1031 1579 vel
1062 1491 1196 1580 hodie
1210 1493 1372 1582 merito
1394 1455 1691 1586 veneramur:

308 1619 384 1745 hic
430 1651 580 1746 autem
614 1659 857 1746 luculentis
897 1658 1030 1746 Plinii
1068 1674 1169 1743 utar
1207 1629 1367 1766 uerbis,
1406 1661 1549 1746 anrioo
1579 1690 1693 1775 quo-

307 1823 413 1908 dam
437 1821 514 1907 suo
532 1825 587 1906 ad
611 1823 846 1928 Achaiam,
880 1846 1033 1906 veram
1057 1821 1182 1905 illam
1209 1835 1252 1906 et
1268 1846 1441 1907 meram
1457 1825 1690 1956 Graeciarn,

306 1947 600 2071 ordinandam
637 1985 792 2070 miffo:
833 1987 861 2034 “
880 1986 1022 2090 Habe,
1042 1977 1214 2096 inquit,
1248 2002 1350 2069 ante
1382 1988 1548 2122 oculos,
1573 1975 1714 2074 hanc¹

310 2151 340 2198 “
376 2146 460 2234 effe
483 2162 647 2236 terram
672 2173 775 2258 quae
809 2146 938 2232 nobis
972 2144 1180 2230 miserit
1162 2170 1281 2256 Jura,
1320 2172 1408 2259 que
1442 2113 1561 2264 ieges
1596 2175 1691 2234 non
1725 2109 1730 2118 '

309 2313 338 2360 “
374 2309 489 2396 vidia
512 2308 737 2431 acceperit,
775 2306 848 2393 sed
871 2307 1122 2420 petentibus
1146 2308 1345 2394 dederit:
1383 2312 1582 2402 Athenas
1606 2310 1690 2398 effe

308 2478 339 2525 “
375 2461 483 2589 quas
519 2472 658 2580 adeas,
694 2473 1064 2559 Lacedaemonem
1089 2469 1187 2580 effe,
1220 2497 1358 2586 quam
1382 2437 1505 2588 regas
1521 2479 1586 2557 *2’
1638 2577 1645 2592 .

378 2800 479 2887 Post
502 2801 703 2888 dirutum
728 2829 752 2886 a
775 2801 933 2886 Gothis
956 2807 1213 2888 Romanum
1236 2802 1501 2916 Imperium,
1526 2805 1687 2917 causas,
1718 2763 1724 2768 ι

305 2993 407 3104 quae
431 2966 487 3048 ad
509 2965 651 3050 varios
674 2970 869 3075 Europae
893 2965 1027 3051 status
1045 2966 1311 3052 ordinandos
1329 2968 1522 3074 valuere,
1548 2968 1689 3056 fufius

304 3152 524 3240 exponere
546 3127 737 3242 longum
760 3125 877 3213 effer.
947 3129 1083 3242 Juris,
1107 3143 1159 3211 ut
1182 3099 1356 3234 dicitur,
1376 3127 1614 3212 Feudalis
1601 3131 1689 3214 1ni·
1726 3237 1729 3248 Ι

305 3273 549 3405 quiffimoj
554 3317 626 3376 am
657 3289 872 3403 excuffoj
855 3316 982 3407 Jugo,
1018 3289 1140 3405 piget
1167 3291 1383 3374 humanae
1418 3251 1687 3378 infirmitatis

306 3451 586 3540 meminisse:
623 3479 769 3564 quum
806 3453 1021 3538 Homines
1058 3448 1224 3552 insani,
1265 3416 1409 3538 nescio
1445 3447 1548 3562 qui,
1570 3453 1687 3576 reli·
1723 3527 1731 3576 ·.

303 3617 448 3732 gionis
472 3613 612 3727 specie
631 3615 810 3726 abrepti,
834 3616 888 3698 ad
910 3613 1043 3700 sacrae
1064 3613 1234 3698 telluris
1259 3615 1315 3696 ab
1330 3599 1575 3700 infidorum
1590 3643 1689 3700 ma·
1722 3723 1731 3738 ι

304 3780 437 3865 nibus
461 3777 742 3889 eripiendum
761 3778 1008 3888 Imperium
1033 3771 1279 3861 avidiffime
1308 3773 1351 3860 se
1386 3775 1687 3892 accingebant.

304 3944 423 4030 Nolo
448 3957 599 4027 autem
622 3941 743 4025 varia
765 3967 868 4052 quae
886 3937 1004 4048 inde,
1030 3968 1086 4028 ex
1108 3941 1291 4026 Oriente
1315 3938 1363 4022 in
1388 3939 1685 4050 Occidentem,

301 4105 379 4194 seu
402 4107 455 4192 ad
480 4069 614 4224 leges,
647 4101 724 4189 seu
758 4103 811 4186 ad
843 4130 988 4189 mores
1022 4102 1274 4215 spediantia²
1310 4099 1460 4186 secum
1491 4103 1688 4210 reporta-
1724 4135 1731 4204 j

300 4284 423 4376 runt,
465 4271 771 4354 emolumenta
807 4267 1037 4378 persequi3
1076 4291 1178 4378 quae
1213 4263 1366 4348 omnia
1388 4259 1555 4350 curiosa
1577 4265 1687 4376 qua·
1729 4359 1735 4366 ,

295 4391 404 4528 darn
445 4430 650 4517 felicitate
692 4446 736 4516 et
776 4425 906 4542 plane
947 4426 1024 4514 sui
1060 4424 1337 4543 investigavit
1375 4451 1569 4540 magnus
1610 4426 1685 4512 ille
1731 4503 1734 4511 .

300 4603 484 4684 Canom
540 4593 696 4700 Quinti
734 4593 1014 4706 Imperatoris
1067 4588 1455 4706 Historiographus
1472 4594 1509 4675 i.
1594 4595 1683 4684 Ex-

344 4819 468 4885 *Prin
486 4817 541 4885 lib.
557 4817 626 4884 vin.
641 4838 689 4882 c.

339 4923 360 4992 †
382 4907 519 4976 Roberts
513 4909 566 4974 on’
568 4931 581 4974 s
556 4817 761 4976 ’biddu
693 4907 731 4974 of
742 4903 873 4973 Charite
884 4905 936 4970 the
952 4903 1054 4987 Finh,
1070 4905 1134 4972 vol.
1150 4903 1176 4972 1.
1193 4901 1264 4971 sed.
1281 4903 1308 4970 1

1437 5001 1683 5114 quisniores
