4288 5584
1051 277 1077 432 l
1165 265 1200 384 ⁸
1288 257 1310 412 )

434 533 702 738 quibusdam
748 621 805 686 ex
850 575 1090 716 peregrinis
1126 569 1283 702 legum
1318 543 1649 660 conditoribus,
1695 537 1936 680 Romanos

434 810 622 908 tandem
663 795 945 910 enumerans,
963 909 966 915 Ι
983 801 1017 850 “
1057 775 1282 897 'Nobis,”
1337 770 1507 904 inquit,
1545 777 1578 826 “
1614 753 1846 856 Romulus
1880 775 1936 850 ut

440 1044 474 1094 “
508 1027 691 1123 libitum
713 1014 1073 1148 irnperitaverat3
1111 997 1218 1094 dein
1248 995 1409 1087 Numa
1435 976 1744 1111 religionibus,
1761 999 1828 1067 et
1863 969 1938 1066 di-

331 1179 340 1196 ·
441 1253 474 1303 “
511 1239 616 1334 vino
643 1229 746 1364 jure
778 1217 1004 1358 populum
1039 1208 1239 1308 devinxit
1258 1203 1302 1297 :’'
1340 1194 1550 1298 historice
1571 1189 1689 1305 satis,
1725 1219 1808 1281 nec
1831 1186 1941 1278 irre·

440 1423 654 1546 verenter.
726 1443 788 1534 T.
826 1458 980 1530 autem
1005 1433 1158 1528 Livius
1198 1423 1323 1522 idem
1357 1417 1447 1514 lroe
1484 1427 1807 1544 argumentum
1835 1433 1943 1534 per-

443 1649 655 1794 traetans,
694 1635 792 1806 pias·
810 1673 978 1764 Numae
1002 1654 1195 1770 fraudes,
1219 1640 1539 1771 fimulatosque
1570 1639 1813 1731 nodumos
1832 1656 1944 1720 cum

442 1903 544 1996 Dea
574 1890 755 2022 AEgeria
776 1875 1047 2014 congreffus,
1086 1866 1290 2004 pluribus
1353 1880 1558 1958 enarrat:
1596 1853 1693 1948 imo
1713 1881 1819 1943 vero
1843 1881 1942 1976 quae

443 2114 634 2213 deorum
656 2081 713 2205 de
734 2125 862 2198 metu
878 2089 999 2226 apud
1013 2121 1122 2183 eum
1139 2071 1724 2196 referuntur,firmissimum
1741 2062 1855 2164 illud
1874 2060 1942 2158 al-

445 2333 599 2402 terum
621 2296 846 2428 religionis
871 2263 1084 2385 columen
1102 2280 1222 2379 haud
1246 2313 1410 2410 parum
1432 2271 1658 2371 infirmare
1675 2271 1940 2391 videantur3
2112 2249 2113 2256 Ν

1961 2417 1963 2424 ’
2112 2427 2113 2464 l

447 2510 632 2645 (:Stradae
650 2504 805 2603 saltem
829 2497 979 2596 nullus
1002 2492 1163 2591 dubito
1186 2491 1301 2620 quin
1320 2485 1414 2582 haec
1438 2484 1614 2603 eadem,
1640 2482 1806 2580 Tacito
1828 2473 1946 2574 refe-

448 2745 589 2838 rente,
628 2717 883 2814 viderentur
906 2700 1166 2828 infirmaffe)
1208 2734 1318 2794 cum
1343 2730 1458 2792 eum
1482 2708 1494 2740 ⁸
1520 2708 1673 2788 “rem
1704 2690 1767 2788 'ad
1788 2688 1947 2788 multi-

452 2943 487 2996 “
513 2926 721 3024 tudinem
734 2921 1007 3050 imperitam,
1027 2933 1072 3009 et
1086 2906 1172 3004 illis
1186 2901 1341 3000 seculis
1360 2898 1540 3016 rudem,
1557 2889 1946 2994 efficaeiffimam’'

449 3133 672 3271 appellet:
710 3123 977 3225 nullodum
1000 3117 1106 3217 laesae
1143 3114 1375 3244 religionis
1407 3107 1670 3239 opprobrio

518 3353 591 3440 Ex
613 3336 823 3437 omnibus
845 3367 964 3445 vero,
983 3362 1097 3458 quos
1120 3327 1170 3420 in
1192 3357 1290 3420 rem
1309 3318 1436 3416 suam
1457 3260 1571 3414 locis¹
1588 3315 1742 3414 Strada
1761 3313 1955 3446 conges-

453 3549 567 3662 serit,
592 3537 706 3637 nihil
723 3538 832 3632 certi
848 3532 1102 3665 quidquam
1124 3525 1208 3621 hac
1228 3524 1358 3656 super
1379 3558 1428 3620 re
1448 3522 1664 3620 concludi
1687 3521 1849 3654 poffet,
1865 3517 1957 3618 nifi

452 3783 500 3864 et
520 3755 616 3852 aliis
639 3750 826 3846 Tacitus
849 3745 1048 3842 landum
1069 3743 1258 3842 deorum
1280 3775 1453 3839 numen
1475 3739 1627 3872 palam
1650 3738 1907 3870 agnosceret
1937 3773 1958 3853 ;

454 3948 537 4048 nifi
566 3945 797 4044 honestam
821 3952 958 4045 etiarn
981 3945 1115 4080 ipsrus
1140 3949 1204 4082 de
1223 3973 1377 4054 mente
1399 3983 1576 4066 eorum,
1613 3947 1763 4078 deque
1786 3947 1966 4046 huma-

455 4187 619 4254 narum
640 4186 791 4248 rerum
813 4156 1129 4286 procuratione
1150 4152 1427 4283 opinionem,
1454 4143 1583 4278 quasr
1604 4141 1789 4278 publica
1809 4145 1969 4275 pieta-

456 4389 513 4494 tis
537 4418 645 4486 voce
675 4374 919 4480 testaretur.
991 4366 1199 4469 Testatur
1239 4395 1395 4467 autem
1422 4368 1599 4500 egregie
1643 4399 1757 4461 cum
1799 4365 1972 4462 incen-

814 4719 829 4792 .⁸
849 4705 983 4784 Annei.
1001 4705 1055 4812 iii,
1071 4703 1129 4784 26.
1180 4704 1294 4792 PLir,
1312 4705 1338 4781 i.
1370 4729 1427 4808 ¹9·
1478 4717 1492 4788 ἒ
1508 4705 1600 4782 ibid.
