4372 5594
930 561 1124 725 (5)

446 773 589 872 irritus
618 767 767 868 omnis
801 762 958 888 lab0r3
1002 790 1048 865 et
1076 765 1351 868 Mechanicl
1387 769 1446 868 de
1477 772 1592 872 sent

445 910 624 1008 Medici
657 905 709 1004 id
752 903 936 1002 tantum
968 905 1267 1037 intelligendo
1302 906 1498 1028 faciunt,
1540 935 1594 1009 ut

445 1047 562 1149 nihil
594 1043 873 1174 intelligant3
915 1041 1072 1143 oleum
1106 1069 1277 1162 autem,
1316 1082 1593 1180 operamque

447 1189 731 1298 abutuntur,
757 1183 838 1311 qui
876 1177 974 1278 haec
1004 1203 1101 1279 tam
1146 1184 1369 1282 instabilia
1416 1189 1591 1302 natural,

448 1349 638 1458 tamque
659 1323 845 1434 incerta,
882 1321 1054 1417 ratione
1077 1319 1285 1436 stabilire,
1312 1345 1359 1417 et
1381 1348 1503 1422 certa
1524 1323 1593 1422 fa-

450 1495 552 1559 cere
586 1481 714 1555 tanto
757 1491 867 1554 cum
911 1455 1150 1556 molimine
1192 1459 1412 1558 laborant.
1491 1466 1593 1558 Nec

451 1597 637 1696 Medico
665 1595 794 1694 litem
830 1596 930 1728 quis
955 1596 1179 1714 intendat,
1212 1598 1270 1696 εὸ
1289 1597 1417 1730 quod
1438 1597 1596 1696 alienae

448 1735 577 1836 melli
599 1731 767 1832 falcem
784 1735 1029 1855 immittat3
1066 1767 1177 1835 cum
1199 1735 1292 1852 illa,
1313 1769 1415 1868 quae
1438 1735 1595 1834 Philo-

449 1873 697 2008 sophorum
730 1871 816 1969 effit
840 1875 1019 2006 propria
1041 1872 1267 1991 videntur,
1297 1874 1359 1970 ad
1388 1873 1430 1971 se
1451 1896 1594 1972 trans-

449 2011 576 2129 ferat,
598 2034 645 2108 et
664 2013 751 2106 arti
766 2009 1038 2109 accomodet
1059 2009 1160 2108 suae.
1210 2010 1266 2108 Id
1288 2013 1415 2112 enim
1431 2013 1594 2110 Medi-

449 2153 564 2248 cinae
592 2153 757 2245 Parent
773 2151 1071 2282 Hippocrates
1093 2145 1171 2246 sua
1192 2148 1307 2248 olim
1330 2151 1594 2248 auctoritate

449 2284 776 2418 comprobavit·
807 2299 894 2402 Δεῖ
921 2289 975 2400 δὲ
1003 2287 1221 2432 μετάγειν
1239 2289 1313 2408 τὴν
1335 2289 1507 2433 Σοφίην
1539 2307 1597 2410 {a

444 2442 656 2598 Ἰητρικὴν,
692 2440 768 2559 καὶ
794 2440 868 2561 nir
891 2441 1090 2592 Ἰητρικὴν
1121 2448 1176 2564 {n
1197 2441 1384 2586 Σοφῖην.

517 2621 634 2748 Qrae
664 2649 776 2711 curn
807 2615 870 2709 ita
897 2611 1001 2732 lint,
1037 2615 1137 2710 Viri
1167 2613 1456 2730 Academici,
1496 2648 1595 2710 rem

445 2786 523 2849 me
558 2757 857 2846 tractaturum
886 2749 983 2848 fore
1024 2785 1120 2847 non
1154 2750 1306 2845 minus
1341 2750 1597 2881 jucundam

446 2886 573 3012 uobis
594 2885 773 2990 auditu,
804 2915 946 3006 quarn
976 2882 1075 2992 usu,
1113 2905 1159 2975 et
1187 2882 1336 2976 fructu
1358 2884 1596 2981 salutarem

447 3017 588 3152 spem,
634 3011 913 3145 srpraecepta
935 3011 1250 3146 Philosophia·
1269 3013 1401 3142 (illud
1434 3031 1597 3166 ψυχῆς

448 3168 666 3318 fungor)
702 3190 931 3300 quantum
953 3203 1049 3266 non
1083 3168 1227 3268 modo
1261 3168 1321 3265 ad
1347 3169 1598 3272 vivendum
1698 3207 1704 3216 ·

441 3323 582 3450 bene,
605 3321 835 3419 sedetiam
853 3318 914 3417 ad
933 3318 1050 3420 bene
1066 3314 1312 3419 valendum
1328 3319 1596 3444 conferant3

446 3487 494 3560 et
514 3483 740 3596 quantum
776 3457 961 3590 liquida
984 3440 1233 3592 ‘liberaeque
1258 3460 1495 3592 voluptatis
1517 3497 1596 3558 eo-

449 3637 555 3704 rum
582 3600 745 3696 animis
780 3595 1004 3715 illabatur,
1039 3600 1121 3730 qui
1142 3601 1319 3697 animos
1336 3603 1505 3696 norunt
1526 3634 1597 3696 re·

449 3773 571 3870 gere,
606 3735 773 3834 curslrn
803 3731 928 3830 vobis
949 3768 1213 3833 revocavero
1235 3739 1284 3833 in
1306 3741 1593 3835 memoriam.

452 3871 780 4010 Recognoscite
792 3892 964 3985 autern,
987 3875 1067 4001 qui
1089 3872 1258 3998 fructus
1279 3908 1336 3970 ex
1349 3873 1417 3969 his
1442 3874 1596 3970 studiis

453 4013 601 4114 vestris
641 4014 892 4146 capiantur,
929 4041 1039 4104 curn
1075 4008 1252 4132 eadem,
1284 4045 1386 4141 qua
1421 4011 1596 4106 adoles-

453 4153 651 4249 centiam
685 4147 830 4264 alunt,
864 4181 965 4279 quae
993 4171 1158 4245 ornant
1192 4146 1481 4263 leneclutem,
1527 4147 1596 4246 fa-

452 4287 575 4416 ciant
619 4286 755 4386 fimirl
801 4311 852 4386 ut
894 4283 1023 4382 alteri
1062 4285 1183 4418 bona
1225 4284 1437 4383 valetudo
1484 4320 1597 4382 con·

451 4425 599 4554 tingat
610 4461 626 4546 3
664 4449 711 4520 et
742 4447 795 4524 ut
826 4423 965 4523 altera
1000 4422 1144 4527 lenior
1178 4421 1427 4556 meliorque
1451 4422 1597 4522 indies

1499 4557 1598 4678 fiat,
