4372 5594
962 336 1130 466 (νον

490 591 499 606 .
583 528 723 647 Ἐχθροὶ
740 525 896 646 Φάλαριν
913 527 1058 636 arixis
1074 523 1202 640 σαντὸ
1220 518 1340 636 Φάωνί
1462 527 1477 604 Ῐ
1554 563 1567 620 ,’

512 749 516 756 ,
583 657 688 745 'ooli
702 698 760 768 μιν
783 655 960 774 φέρμνγῖνς
983 659 1078 744 rino·
1395 667 1399 678 '
1522 649 1529 662 ’

370 798 375 808 ’
578 781 694 899 pipios
712 787 880 871 κοινωνίαν

579 916 783 1004 Mundensis
802 916 936 1004 παίδων
950 913 1074 1032 o’olporou
1093 911 1269 1018 llxo‘vrarl
1336 974 1340 980 -
1395 935 1397 940 '
1469 935 1472 944 “
1534 902 1537 908 ’
1748 936 1824 1018 190

306 1131 314 1140 -
367 1073 552 1156 Hortatur
564 1067 679 1152 etiam
693 1071 899 1155 Patronum
919 1089 963 1152 ut
982 1069 1092 1152 sama
1110 1067 1182 1150 suae
1197 1085 1235 1150 et
1253 1065 1415 1151 nominis
1432 1063 1621 1150 aternitati
1637 1057 1845 1154 consulate-

803 1241 926 1324 neque
943 1195 1079 1317 enim,
1542 1200 1599 1228 ''

586 1344 624 1425 Si
636 1343 770 1425 chartae
786 1342 923 1442 oleant,
957 1343 1060 1453 quod
1086 1341 1182 1423 bend
1200 1341 1328 1422 feceris

584 1469 806 1551 Mercedem
824 1469 977 1565 tuleris;
1115 1498 1121 1510 ·

289 1699 291 1706 ,
311 1609 426 1692 Musa
448 1613 537 1692 verb
555 1613 706 1716 mentiri
723 1599 853 1710 nescia,
873 1626 912 1690 et
931 1608 1052 1689 fideles
1070 1608 1346 1691 Historicorum
1363 1609 1548 1691 sermones
1566 1607 1721 1695 tantum
1742 1615 1824 1695 lau-

157 1756 163 1769 ’
310 1741 366 1820 dis
393 1739 660 1822 defunctorum
689 1739 894 1820 hominum
925 1739 1117 1820 memoriae
1135 1738 1317 1838 tribuunt,
1338 1757 1522 1844 quantum
1539 1742 1694 1850 quisque
1717 1743 1823 1826 vivos

309 1867 553 1976 promeruerit
566 1868 643 1964 ,ad
658 1894 742 1977 quae
759 1867 946 1975 probanda
965 1867 1130 1976 opposita
1148 1884 1185 1948 et
1202 1866 1305 1974 quafi
1322 1894 1371 1948 ex
1390 1863 1541 1950 adverso
1557 1869 1689 1952 collata
1702 1868 1821 1951 Croeli

308 2008 421 2103 atque
442 1991 644 2107 Phalaridis
658 1993 832 2103 exempla
843 2014 1113 2104 proponuntur.
1412 2026 1418 2039 ·
1821 2038 1827 2051 ·

573 2202 657 2284 ἘΤ
675 2198 708 2285 di
726 2203 864 2298 παθεῖν,
881 2200 923 2286 rs
948 2202 1083 2317 πρᾶτων
1106 2199 1235 2289 ἄθλων·

575 2327 644 2412 Ἐν
662 2325 695 2409 tl’
711 2326 842 2424 α’κνῖειν,
857 2325 990 2442 druripoe
1005 2347 1084 2436 μοῖ·

353 2438 359 2450 Ι
467 2472 477 2489 “
583 2454 627 2564 ρ’·
661 2449 907 2567 Ἀμφοτῖρονσν
926 2453 957 2536 rl'
977 2455 1058 2566 α’νῆρ

573 2574 644 2674 Ὃς
670 2577 712 2663 ἂν
730 2579 893 2696 ἷγνιῦρωῃ,
918 2578 1047 2692 νᾲῖλῃ,

584 2704 758 2815 Στέφαννν
779 2704 905 2815 ὄψις-ον
923 2706 1080 2808 salculus.
1708 2745 1710 2750 ·
1753 2732 1799 2812 19
1805 2732 1827 2814 ς

245 2894 262 2930 ··
362 2865 572 2967 Postremo,
586 2885 625 2948 et
644 2867 840 2949 Coronidis
865 2867 953 2949 loco
969 2869 1080 2948 docet
1095 2864 1189 2974 quid
1211 2863 1400 2973 fastigium
1418 2861 1641 2974 fit,et’apex
1656 2862 1830 2948 bumanae

308 2993 489 3074 felicitatis
500 3034 512 3090 3
531 3011 575 3073 ut
600 2994 647 3074 ad
664 2994 961 3104 ampledtendam
979 3022 1063 3074 eam
1083 2993 1264 3072 Hieronis
1281 2991 1453 3072 animum
1474 2993 1657 3073 accendat.
1687 2992 1832 3075 Primas'

307 3137 434 3209 tenent
459 3148 577 3236 partes
611 3129 723 3208 solida
746 3129 807 3207 illa
832 3155 960 3227 rerum
987 3125 1082 3205 bend
1107 3128 1293 3231 gestarum
1320 3127 1497 3231 praemia;
1530 3126 1701 3231 honores,
1728 3161 1828 3242 oper,
1859 3133 1861 3138 ’
1896 3112 1901 3121 ¹

307 3275 345 3334 et
363 3255 518 3362 imperia
545 3279 628 3361 quae
645 3254 684 3332 in
707 3253 1014 3361 praeslantiffimos
1032 3248 1199 3358 quosque
1222 3248 1321 3327 cives
1346 3249 1579 3333 derivantur:
1611 3257 1828 3361 seeundum,
1892 3315 1905 3366 .·

309 3402 379 3457 nec
402 3376 723 3456 contemnendum
746 3397 892 3475 tamen,-
911 3377 1070 3481 gradum
1088 3371 1188 3454 fama
1206 3372 1274 3454 fibi
1291 3373 1477 3470 vindicat;
1508 3395 1545 3456 et
1569 3388 1721 3482 nomen,
1741 3412 1857 3464 cum‘

308 3504 492 3590 memoria
509 3503 726 3607 hominum,
745 3524 832 3588 tum
860 3504 1090 3614 Scriptorum
1108 3501 1210 3581 libris
1226 3501 1415 3582 aeternitati
1429 3506 1681 3591 commissum.
1714 3511 1830 3616 Qod

310 3633 419 3714 srcui
446 3633 609 3743 utrisque
637 3631 748 3714 fimul
779 3631 854 3715 frui
881 3631 1104 3740 contigerit3
1132 3657 1201 3729 nae,
1228 3629 1290 3728 ille
1314 3629 1604 3739 pulcherrimam
1629 3637 1740 3745 capiti
1763 3641 1830 3720 suo

308 3789 486 3846 coronam
499 3763 691 3876 imposuit,
708 3763 923 3847 mercedem
942 3761 1090 3844 virtutis
1104 3761 1175 3845 suae
1192 3759 1456 3870 amplissimam
1471 3763 1698 3848 consecutus.

363 4089 416 4166 Et
442 4087 521 4168 haec
545 4089 714 4194 quidem,
743 4091 972 4192 Academici,
993 4093 1031 4170 in
1055 4089 1129 4174 hoc
1154 4091 1293 4172 solenni
1323 4118 1479 4184 munere
1493 4090 1680 4196 'obeundo
1696 4093 1739 4173 in‘
1758 4121 1827 4177 no-

308 4218 525 4302 bilislrmum
543 4222 717 4304 Thebani
742 4225 847 4303 Vatis
865 4227 1018 4312 ’sienim
1045 4226 1318 4307 contexuimus.
1332 4224 1479 4330 Qalis
1497 4223 1579 4324 Ille,
1600 4226 1830 4335 quantusque
1893 4240 1897 4250 '

310 4351 368 4450 fit,
397 4351 501 4430 vobis
518 4349 604 4430 licet
629 4353 754 4431 velex
782 4352 839 4432 his
866 4352 1050 4432 laboribus
1069 4354 1161 4433 meis
1184 4353 1369 4459 judicium
1396 4355 1523 4438 facere.
1556 4355 1711 4435 Habetis
1731 4359 1826 4436 Poe·

309 4497 387 4557 tam
420 4473 625 4556 eliufillimi
643 4479 792 4585 ingenii,
814 4480 949 4560 mentis
975 4478 1241 4578 ardentislimae,
1259 4498 1301 4560 ct
1328 4481 1374 4560 ad
1401 4466 1569 4599 sublimis
1588 4482 1754 4560 maxime*
1772 4480 1827 4560 as-

29 4693 42 4726 ,
308 4605 459 4714 pirantis
465 4643 478 4700 3
514 4633 596 4714 quae
610 4606 737 4686 omnia
754 4626 879 4688 tamen
895 4633 940 4686 eo
966 4608 1081 4687 modo
1099 4606 1473 4718 castiganurrjudicio
1487 4627 1600 4715 atque
1617 4613 1828 4713 temperiu-

57 4828 67 4849 ο
170 4778 174 4788 ·
308 4753 384 4835 ror,
414 4751 554 4818 utnon
581 4734 861 4846 itasaeperultra
884 4737 1045 4821 modum
1077 4735 1288 4856 profiliantr
1317 4740 1473 4824 Habetis
1485 4741 1656 4843 Poetam¹
1673 4740 1830 4830 extra‘se

1742 4851 1834 5007 qul:
