4288 5584
1019 267 1048 421 r
1142 302 1216 382 12
1302 259 1325 412 t

416 566 533 698 ‚quia
573 561 714 660 bonos
753 557 972 694 quosdam
1009 584 1055 658 et
1093 561 1294 660 eruditos
1329 564 1465 680 viros,
1501 595 1653 694 neque
1691 560 1827 660 Italos
1855 597 1935 662 eor

427 807 577 906 neque
610 806 655 875 e,
678 771 897 868 Societate
934 769 1058 906 Jesu,
1096 766 1271 865 summe
1293 772 1342 865 in
1361 805 1416 866 eo
1436 767 1662 868 elaborare
1684 772 1832 892 video,
1869 801 1937 898 ur,

423 979 608 1116 ingestis
630 977 907 1078 nobili-ssimo
937 975 1047 1076 huic
1081 981 1294 1111 Scriptori
1316 976 1667 1112 quibuscunque
1696 922 1938 1083 uerborum

427 1190 730 1306 contumeliis,
767 1188 868 1285 sana
890 1192 1112 1324 Juventur
1148 1183 1368 1320 ascriptis
1402 1187 1494 1322 ejus
1520 1186 1719 1324 legendis
1738 1190 1937 1290 deterre-

416 1432 575 1510 antur.
647 1412 750 1537 Ego
768 1439 886 1524 vero,
904 1439 1017 1538 paee
1033 1401 1217 1500 illorum
1240 1399 1449 1520 dixeri-m,
1470 1364 1709 1534 nunquam
1724 1411 1937 1509 animum
1999 1409 2005 1420 ’

427 1655 585 1716 meum
599 1599 810 1714 inducere
833 1618 963 1748 potui
981 1639 1031 1711 ut
1053 1614 1236 1712 credam
1258 1617 1480 1714 virtutum
1504 1617 1730 1749 Agricolae
1763 1657 1937 1752 praeco·

418 1867 549 1948 nem,
585 1841 600 1876 ⁸
642 1824 787 1926 Afinii
812 1821 949 1928 Rufi
999 1831 1216 1944 amicum,
1256 1825 1389 1962 Plinii
1432 1829 1641 1950 Secundi,
1680 1829 1940 1930 sanctissimi

425 2043 460 2142 fi
499 2048 600 2178 quis
637 2043 750 2141 alius
790 2047 888 2161 viri,
925 2039 1206 2159 familiarem,
1244 2040 1536 2142 clariffimum
1559 2068 1607 2141 et
1630 2043 1776 2178 ipsum
1799 2047 1938 2146 seculi

425 2260 491 2358 sui
513 2260 649 2356 decus
671 2282 808 2390 atque
830 2257 1004 2375 lumen,
1043 2253 1282 2354 stedissima
1316 2260 1566 2390 impietatis
1587 2259 1690 2358 labe
1713 2259 1837 2360 fuiffe
1852 2269 1934 2363 'in-

424 2477 681 2606 quinatum.
759 2470 919 2570 Testes
944 2477 1081 2605 igitur
1104 2511 1274 2607 quaero,
1308 2475 1383 2573 sed
1407 2433 1630 2610 nusquam
1662 2485 1927 2604 inueniam3

291 2716 300 2730 ·
421 2681 582 2822 scripta
605 2681 778 2802 evolv0,
816 2708 864 2780 at
887 2685 935 2780 in
957 2683 1043 2780 iilis
1061 2687 1231 2804 omitia,
1258 2684 1293 2783 fi
1315 2696 1433 2786 reite
1456 2690 1771 2822 interpreteris,
1797 2693 1934 2828 longe

421 2898 681 3001 dissimilia:
720 2897 866 2996 multa
887 2899 999 2996 inibi
1022 2898 1256 2996 liberrimo
1282 2897 1437 3031 spiritu
1461 2899 1518 2994 de
1540 2902 1668 2996 Vitio
1690 2926 1931 3038 contemp-

419 3127 522 3243 tim,
560 3115 765 3252 praeclare
798 3116 856 3213 de
883 3118 1104 3233 Virtute3
1142 3111 1287 3210 multa
1325 3112 1382 3209 de
1410 3113 1617 3212 Honesto
1661 3141 1708 3214 et
1746 3125 1931 3222 Decoru

411 3365 511 3430 »non
534 3325 724 3460 pulchre
749 3324 895 3426 sulum
936 3349 980 3420 et
1004 3349 1173 3441 ornate,
1212 3323 1287 3420 sed
1310 3327 1504 3458 graviter
1520 3329 1656 3426 etiam
1679 3355 1726 3426 et
1746 3333 1804 3430 ad
1824 3369 1930 3467 per-

417 3534 697 3639 suadendum
719 3558 839 3668 apte,
876 3529 911 3630 fi
933 3532 1077 3630 sensus
1100 3499 1406 3663 uuaefitiffimi,
1444 3529 1479 3630 fi
1501 3535 1826 3666 praetlarissima
1845 3577 1930 3640 ex.

417 3750 568 3885 empla
619 3691 881 3882 persuadere
933 3742 1117 3877 possint,
1163 3742 1417 3876 legentibus
1457 3742 1747 3848 insinuantur.
1844 3758 1924 3874 Ur,

377 3931 387 3945 ’
414 3967 496 4095 qui
528 3961 588 4058 ad
621 3959 738 4056 illius
761 3983 980 4092 praecepta
1001 3961 1144 4054 vitam
1163 3956 1397 4090 moresque
1419 3962 1676 4090 componit,
1712 3953 1813 4058 fieri
1842 3997 1929 4060 ne.

413 4200 554 4311 queat
575 4178 690 4309 quin
731 4172 867 4272 illum
906 4174 1042 4271 amici
1076 4169 1293 4272 haberent
1330 4175 1677 4306 integerrimum
1704 4177 1926 4301 amicum,

416 4393 562 4489 civem
599 4388 862 4524 respublica.

462 4673 477 4706 ⁸
501 4663 558 4736 De
570 4685 645 4758 quo
658 4663 806 4752 Plinius,
832 4673 860 4711 ‘⁸
886 4662 950 4742 Est
966 4644 1770 4754 homo'eximius,ethonommamantiffimus.
1818 4671 1927 4750 idern

409 4817 441 4856 “
466 4808 509 4885 C.
527 4807 697 4886 Tacitum
714 4810 794 4908 (scis
812 4833 922 4910 quern
942 4810 1077 4910 virum)
1100 4812 1192 4890 artie
1208 4811 1445 4894 familiaritate
1467 4819 1781 4920 completur-est!
1806 4817 1930 4916 Epist.

408 4961 458 5040 iv.
480 4983 496 5039 t
501 4985 537 5060 5.

1733 5065 1935 5170 Etenim
