4288 5584
886 567 924 726 s
961 564 1104 720 11)

421 772 707 944 Scriptura
733 777 920 926 Sacra,
933 777 1178 900 multum
1189 821 1414 948 quoque
1432 826 1562 948 pro-

419 965 488 1088 srt
529 995 635 1088 aut
674 959 944 1084 universae
982 993 1086 1091 aut
1125 967 1296 1134 partis
1333 967 1565 1124 alicujus

417 1183 542 1276 tum
597 1149 889 1318 exposrtio‚
944 1181 1068 1272 tum
1122 1151 1424 1308 traetati03
1472 1155 1563 1276 ille

413 1339 697 1507 profesto,
753 1343 892 1460 tales
955 1342 1217 1466 scribendi
1270 1346 1563 1554 tantosque

414 1525 616 1654 nasius
670 1529 996 1704 Magistros,
1039 1530 1250 1697 optime
1298 1527 1458 1655 novit
1503 1564 1562 1653 et

412 1751 530 1842 rem
568 1717 865 1840 tribuere
848 1761 908 1838 1n
953 1749 1159 1885 partes,
1203 1751 1262 1861 et
1293 1723 1560 1842 latentem

413 1906 691 2074 explicare
714 1905 1047 2059 definiendo,
1071 1941 1131 2030 et
1145 1877 1431 2032 obscuram
1459 1951 1560 2030 ex·
1661 2045 1664 2052 ,

411 2097 640 2262 planare
680 2095 1116 2266 interpretando.
1202 2103 1400 2266 Atque
1437 2103 1560 2244 haec

410 2287 619 2438 omnia,
663 2289 812 2452 quasr
852 2287 1157 2454 sepimento
1184 2288 1392 2454 aliquo,
1435 2288 1557 2407 val·

408 2472 561 2596 labat
584 2471 872 2596 disserendi
897 2474 1130 2624 ratione,
1158 2469 1399 2623 scientia,
1415 2472 1559 2592 veri-

407 2701 517 2818 que
543 2689 604 2776 et
627 2657 744 2812 sassr
762 2658 1006 2810 judicio:
1051 2661 1164 2776 nee
1180 2660 1234 2776 se
1261 2659 1405 2778 adeo
1429 2647 1554 2776 ver·

407 2844 607 2959 borum
628 2842 964 2960 ornamentis
958 2843 1235 3020 addicere
1254 2842 1455 2992 voluit,
1482 2871 1550 2960 ut

404 3069 520 3146 non
545 3027 749 3193 potius
760 3013 1075 3238 exquireret
1099 3029 1226 3195 quis
1241 3032 1400 3179 ordo,
1427 3073 1554 3194 quae

405 3260 592 3336 rerum
619 3215 927 3370 connexio,
963 3261 1093 3382 quae
1117 3217 1252 3378 sola,
1281 3262 1411 3383 quae
1438 3218 1555 3336 col·

404 3407 577 3574 ligata
630 3405 830 3528 fortius
883 3437 1149 3574 agerent3
1203 3451 1269 3527 ea
1322 3406 1549 3526 demum

405 3593 674 3760 proferret
695 3629 1043 3762 argumenta,
1055 3641 1183 3762 quae
1204 3586 1552 3718 Auditorum

404 3811 617 3903 mentes
637 3788 1060 3904 etvehementer
1078 3783 1293 3904 allicere
1316 3781 1549 4050 possent,
1693 3897 1696 3910 .

403 4004 462 4092 et
487 3974 684 4095 acriter
708 4015 1077 4094 commovere.

487 4167 684 4328 Atque
721 4207 793 4282 eo
817 4161 1039 4342 quidem
1065 4159 1347 4328 potentior
1380 4157 1437 4278 in
1462 4155 1547 4302 af·

396 4345 640 4474 festibus
654 4333 1008 4502 concitando,
1027 4351 1199 4518 quod,
1215 4393 1346 4472 cum
1366 4370 1547 4467 mores'

871 4543 993 4660 B2
1310 4534 1545 4657 aliorum
