<?xml version="1.0" encoding="UTF-8"?>
<!DOCTYPE html PUBLIC "-//W3C//DTD XHTML 1.0 Transitional//EN"
    "http://www.w3.org/TR/xhtml1/DTD/xhtml1-transitional.dtd">
<html xmlns="http://www.w3.org/1999/xhtml" xml:lang="en" lang="en">
 <head>
  <title>
</title>
<meta http-equiv="Content-Type" content="text/html;charset=utf-8" />
  <meta name='ocr-system' content='tesseract 3.04.00' />
  <meta name='ocr-capabilities' content='ocr_page ocr_carea ocr_par ocr_line ocrx_word'/>
</head>
<body>
  <div class='ocr_page' id='page_1' title='image "./inpindariprimum00barfgoog_0144.png"; bbox 0 0 4288 5584; ppageno 0'>
   <div class='ocr_carea' id='block_1_1' title="bbox 144 269 1874 4488">
    <p class='ocr_par' dir='ltr' id='par_1_1' title="bbox 203 269 1874 1973">
     <span class='ocr_line' id='line_1_1' title="bbox 655 269 1116 427; baseline -0.004 -1"><span class='ocrx_word' id='word_1_1' title='bbox 655 297 660 306; x_wconf 88' lang='grc'><em>·</em></span> <span class='ocrx_word' id='word_1_2' title='bbox 811 269 838 427; x_wconf 81' lang='grc'><strong>·’(</strong></span> <span class='ocrx_word' id='word_1_3' title='bbox 940 307 985 426; x_wconf 80' lang='lat' dir='ltr'><strong>r</strong></span> <span class='ocrx_word' id='word_1_4' title='bbox 1088 271 1116 424; x_wconf 71' lang='lat' dir='ltr'><strong>l</strong></span> 
     </span>
     <span class='ocr_line' id='line_1_2' title="bbox 214 557 1722 714; baseline 0.013 -48"><span class='ocrx_word' id='word_1_5' title='bbox 214 561 319 666; x_wconf 82' lang='lat' dir='ltr'><strong>sum</strong></span> <span class='ocrx_word' id='word_1_6' title='bbox 335 591 589 666; x_wconf 68' lang='lat' dir='ltr'><strong>mutant</strong></span> <span class='ocrx_word' id='word_1_7' title='bbox 615 557 700 658; x_wconf 77' lang='lat' dir='ltr'><strong>sub</strong></span> <span class='ocrx_word' id='word_1_8' title='bbox 718 560 927 686; x_wconf 67' lang='lat' dir='ltr'><strong>Vitellirt,</strong></span> <span class='ocrx_word' id='word_1_9' title='bbox 941 570 1202 704; x_wconf 78' lang='lat' dir='ltr'>principum</span> <span class='ocrx_word' id='word_1_10' title='bbox 1228 569 1396 697; x_wconf 81' lang='lat' dir='ltr'><strong>furore,</strong></span> <span class='ocrx_word' id='word_1_11' title='bbox 1422 580 1722 714; x_wconf 75' lang='lat' dir='ltr'>Capitolium,</span> 
     </span>
     <span class='ocr_line' id='line_1_3' title="bbox 214 776 1725 936; baseline 0.013 -59"><span class='ocrx_word' id='word_1_12' title='bbox 214 792 288 846; x_wconf 75' lang='lat'><strong>&#39;⁸‘</strong></span> <span class='ocrx_word' id='word_1_13' title='bbox 320 783 372 878; x_wconf 87' lang='lat' dir='ltr'>N</span> <span class='ocrx_word' id='word_1_14' title='bbox 372 776 520 899; x_wconf 85' lang='lat' dir='ltr'><strong>ullo,”</strong></span> <span class='ocrx_word' id='word_1_15' title='bbox 571 776 763 936; x_wconf 67' lang='lat' dir='ltr'><strong>subjicit,</strong></span> <span class='ocrx_word' id='word_1_16' title='bbox 802 793 835 846; x_wconf 87' lang='lat'><strong>“</strong></span> <span class='ocrx_word' id='word_1_17' title='bbox 879 805 1069 884; x_wconf 85' lang='lat' dir='ltr'><strong>externo</strong></span> <span class='ocrx_word' id='word_1_18' title='bbox 1116 785 1263 910; x_wconf 83' lang='lat' dir='ltr'><strong>hoste,</strong></span> <span class='ocrx_word' id='word_1_19' title='bbox 1303 797 1523 928; x_wconf 72' lang='lat' dir='ltr'><strong>propitiis,</strong></span> <span class='ocrx_word' id='word_1_20' title='bbox 1574 797 1609 898; x_wconf 87' lang='lat' dir='ltr'>fi</span> <span class='ocrx_word' id='word_1_21' title='bbox 1645 839 1725 934; x_wconf 84' lang='lat' dir='ltr'><strong>per</strong></span> 
     </span>
     <span class='ocr_line' id='line_1_4' title="bbox 215 940 1724 1148; baseline 0.018 -62"><span class='ocrx_word' id='word_1_22' title='bbox 215 1002 252 1050; x_wconf 89' lang='lat'><strong>“</strong></span> <span class='ocrx_word' id='word_1_23' title='bbox 287 1023 437 1088; x_wconf 82' lang='lat' dir='ltr'><strong>mores</strong></span> <span class='ocrx_word' id='word_1_24' title='bbox 459 940 630 1148; x_wconf 81' lang='lat' dir='ltr'><strong>nollros</strong></span> <span class='ocrx_word' id='word_1_25' title='bbox 654 969 840 1110; x_wconf 63' lang='lat' dir='ltr'><strong>licum</strong></span> <span class='ocrx_word' id='word_1_26' title='bbox 857 991 952 1094; x_wconf 90' lang='lat' dir='ltr'><strong>deis</strong></span> <span class='ocrx_word' id='word_1_27' title='bbox 966 997 1014 1090; x_wconf 84' lang='lat'><strong>:”</strong></span> <span class='ocrx_word' id='word_1_28' title='bbox 1052 999 1211 1136; x_wconf 80' lang='lat' dir='ltr'><strong>majori</strong></span> <span class='ocrx_word' id='word_1_29' title='bbox 1242 1007 1426 1104; x_wconf 85' lang='lat' dir='ltr'><strong>veritate</strong></span> <span class='ocrx_word' id='word_1_30' title='bbox 1463 1043 1521 1107; x_wconf 87' lang='lat' dir='ltr'><strong>an</strong></span> <span class='ocrx_word' id='word_1_31' title='bbox 1558 1014 1724 1144; x_wconf 81' lang='lat' dir='ltr'><strong>pietate</strong></span> 
     </span>
     <span class='ocr_line' id='line_1_5' title="bbox 203 1203 1724 1352; baseline 0.012 -52"><span class='ocrx_word' id='word_1_32' title='bbox 203 1203 387 1304; x_wconf 80' lang='lat' dir='ltr'><strong>dubito</strong></span> <span class='ocrx_word' id='word_1_33' title='bbox 463 1211 776 1310; x_wconf 82' lang='lat' dir='ltr'><strong>Annoneninr</strong></span> <span class='ocrx_word' id='word_1_34' title='bbox 799 1206 926 1310; x_wconf 77' lang='lat' dir='ltr'><strong>haud</strong></span> <span class='ocrx_word' id='word_1_35' title='bbox 947 1209 1134 1312; x_wconf 78' lang='lat' dir='ltr'><strong>obscure</strong></span> <span class='ocrx_word' id='word_1_36' title='bbox 1156 1215 1326 1316; x_wconf 81' lang='lat' dir='ltr'><strong>indicat</strong></span> <span class='ocrx_word' id='word_1_37' title='bbox 1350 1247 1486 1352; x_wconf 87' lang='lat' dir='ltr'><strong>prout</strong></span> <span class='ocrx_word' id='word_1_38' title='bbox 1500 1225 1599 1322; x_wconf 78' lang='lat' dir='ltr'><strong>vitre</strong></span> <span class='ocrx_word' id='word_1_39' title='bbox 1622 1223 1724 1324; x_wconf 85' lang='lat' dir='ltr'><strong>sunt</strong></span> 
     </span>
     <span class='ocr_line' id='line_1_6' title="bbox 211 1417 1724 1576; baseline 0.012 -56"><span class='ocrx_word' id='word_1_40' title='bbox 211 1417 453 1520; x_wconf 67' lang='lat' dir='ltr'><strong>hminum</strong></span> <span class='ocrx_word' id='word_1_41' title='bbox 472 1423 710 1554; x_wconf 79' lang='lat' dir='ltr'><strong>propitios</strong></span> <span class='ocrx_word' id='word_1_42' title='bbox 738 1420 829 1518; x_wconf 80' lang='lat' dir='ltr'><strong>effe</strong></span> <span class='ocrx_word' id='word_1_43' title='bbox 847 1447 929 1522; x_wconf 85' lang='lat' dir='ltr'><strong>aut</strong></span> <span class='ocrx_word' id='word_1_44' title='bbox 962 1427 1097 1524; x_wconf 86' lang='lat' dir='ltr'><strong>iratos</strong></span> <span class='ocrx_word' id='word_1_45' title='bbox 1133 1428 1274 1550; x_wconf 86' lang='lat' dir='ltr'><strong>deos3</strong></span> <span class='ocrx_word' id='word_1_46' title='bbox 1312 1465 1461 1576; x_wconf 82' lang='lat' dir='ltr'><strong>neque</strong></span> <span class='ocrx_word' id='word_1_47' title='bbox 1490 1434 1631 1536; x_wconf 87' lang='lat' dir='ltr'><strong>solam</strong></span> <span class='ocrx_word' id='word_1_48' title='bbox 1664 1441 1724 1538; x_wconf 87' lang='lat' dir='ltr'><strong>ad</strong></span> 
     </span>
     <span class='ocr_line' id='line_1_7' title="bbox 209 1631 1874 1785; baseline 0.01 -53"><span class='ocrx_word' id='word_1_49' title='bbox 209 1632 438 1785; x_wconf 77' lang='lat' dir='ltr'><strong>ultionem</strong></span> <span class='ocrx_word' id='word_1_50' title='bbox 467 1631 672 1768; x_wconf 77' lang='lat' dir='ltr'><strong>uigilare,</strong></span> <span class='ocrx_word' id='word_1_51' title='bbox 708 1671 819 1734; x_wconf 85' lang='lat' dir='ltr'><strong>cum</strong></span> <span class='ocrx_word' id='word_1_52' title='bbox 846 1638 966 1750; x_wconf 83' lang='lat' dir='ltr'><strong>iram</strong></span> <span class='ocrx_word' id='word_1_53' title='bbox 1002 1673 1164 1736; x_wconf 85' lang='lat' dir='ltr'><strong>eorum</strong></span> <span class='ocrx_word' id='word_1_54' title='bbox 1185 1662 1231 1738; x_wconf 89' lang='lat' dir='ltr'><strong>et</strong></span> <span class='ocrx_word' id='word_1_55' title='bbox 1258 1641 1504 1742; x_wconf 67' lang='lat' dir='ltr'><strong>vindidam</strong></span> <span class='ocrx_word' id='word_1_56' title='bbox 1536 1646 1595 1743; x_wconf 86' lang='lat' dir='ltr'><strong>ad</strong></span> <span class='ocrx_word' id='word_1_57' title='bbox 1618 1654 1722 1747; x_wconf 92' lang='lat' dir='ltr'><strong>uni·</strong></span> <span class='ocrx_word' id='word_1_58' title='bbox 1869 1633 1874 1643; x_wconf 21' lang='grc' dir='ltr'>ι</span> 
     </span>
     <span class='ocr_line' id='line_1_8' title="bbox 204 1833 1721 1973; baseline 0.002 -39"><span class='ocrx_word' id='word_1_59' title='bbox 204 1851 312 1936; x_wconf 84' lang='lat' dir='ltr'><strong>cam</strong></span> <span class='ocrx_word' id='word_1_60' title='bbox 340 1833 576 1968; x_wconf 79' lang='lat' dir='ltr'><strong>utriusque</strong></span> <span class='ocrx_word' id='word_1_61' title='bbox 598 1835 793 1958; x_wconf 80' lang='lat' dir='ltr'><strong>causam,</strong></span> <span class='ocrx_word' id='word_1_62' title='bbox 830 1862 1071 1973; x_wconf 83' lang='lat' dir='ltr'><strong>corruptos.</strong></span> <span class='ocrx_word' id='word_1_63' title='bbox 1104 1838 1370 1940; x_wconf 70' lang='lat' dir='ltr'><strong>mortalium</strong></span> <span class='ocrx_word' id='word_1_64' title='bbox 1394 1876 1560 1958; x_wconf 88' lang='lat' dir='ltr'><strong>mores,</strong></span> <span class='ocrx_word' id='word_1_65' title='bbox 1597 1863 1721 1940; x_wconf 88' lang='lat' dir='ltr'><strong>retu-</strong></span> 
     </span>
    </p>

    <p class='ocr_par' dir='ltr' id='par_1_2' title="bbox 144 2043 1749 3648">
     <span class='ocr_line' id='line_1_9' title="bbox 201 2043 1749 2198; baseline 0.003 -54"><span class='ocrx_word' id='word_1_66' title='bbox 201 2044 342 2144; x_wconf 84' lang='lat' dir='ltr'><strong>len&#39;t?</strong></span> <span class='ocrx_word' id='word_1_67' title='bbox 380 2053 535 2178; x_wconf 80' lang='lat' dir='ltr'><strong>Qam</strong></span> <span class='ocrx_word' id='word_1_68' title='bbox 574 2083 741 2181; x_wconf 75' lang='lat' dir='ltr'><strong>parum</strong></span> <span class='ocrx_word' id='word_1_69' title='bbox 775 2045 885 2148; x_wconf 87' lang='lat' dir='ltr'><strong>fidei</strong></span> <span class='ocrx_word' id='word_1_70' title='bbox 920 2073 1179 2148; x_wconf 80' lang='lat' dir='ltr'><strong>mereantur</strong></span> <span class='ocrx_word' id='word_1_71' title='bbox 1201 2085 1307 2184; x_wconf 84' lang='lat' dir='ltr'><strong>quae</strong></span> <span class='ocrx_word' id='word_1_72' title='bbox 1326 2052 1510 2170; x_wconf 81' lang='lat' dir='ltr'><strong>Tacito,</strong></span> <span class='ocrx_word' id='word_1_73' title='bbox 1549 2055 1618 2198; x_wconf 82' lang='lat' dir='ltr'><strong>uti</strong></span> <span class='ocrx_word' id='word_1_74' title='bbox 1654 2043 1749 2150; x_wconf 54' lang='lat' dir='ltr'><strong>vi?</strong></span> 
     </span>
     <span class='ocr_line' id='line_1_10' title="bbox 144 2205 1720 2398; baseline 0.006 -43"><span class='ocrx_word' id='word_1_75' title='bbox 144 2209 147 2216; x_wconf 20' lang='lat'><strong>⁴</strong></span> <span class='ocrx_word' id='word_1_76' title='bbox 205 2255 342 2378; x_wconf 81' lang='lat' dir='ltr'><strong>distis,</strong></span> <span class='ocrx_word' id='word_1_77' title='bbox 378 2258 618 2392; x_wconf 72' lang='lat' dir='ltr'>exprobrat</span> <span class='ocrx_word' id='word_1_78' title='bbox 640 2257 800 2358; x_wconf 78' lang='lat' dir='ltr'><strong>Strada</strong></span> <span class='ocrx_word' id='word_1_79' title='bbox 817 2274 1078 2398; x_wconf 83' lang='lat' dir='ltr'><strong>tanquam‘</strong></span> <span class='ocrx_word' id='word_1_80' title='bbox 1114 2264 1255 2396; x_wconf 86' lang='lat' dir='ltr'><strong>impie</strong></span> <span class='ocrx_word' id='word_1_81' title='bbox 1274 2205 1489 2381; x_wconf 64' lang='lat' dir='ltr'><strong>tndem,</strong></span> <span class='ocrx_word' id='word_1_82' title='bbox 1526 2264 1720 2398; x_wconf 79' lang='lat' dir='ltr'><strong>deosque</strong></span> 
     </span>
     <span class='ocr_line' id='line_1_11' title="bbox 200 2465 1716 2618; baseline 0 -47"><span class='ocrx_word' id='word_1_83' title='bbox 200 2483 221 2530; x_wconf 87' lang='lat'><strong>·‘</strong></span> <span class='ocrx_word' id='word_1_84' title='bbox 255 2467 436 2572; x_wconf 70' lang='lat' dir='ltr'><strong>invidie</strong></span> <span class='ocrx_word' id='word_1_85' title='bbox 477 2470 529 2566; x_wconf 84' lang='lat' dir='ltr'><strong>in</strong></span> <span class='ocrx_word' id='word_1_86' title='bbox 566 2465 824 2574; x_wconf 83' lang='lat' dir='ltr'><strong>humanum</strong></span> <span class='ocrx_word' id='word_1_87' title='bbox 853 2505 1002 2618; x_wconf 85' lang='lat' dir='ltr'><strong>genus·</strong></span> <span class='ocrx_word' id='word_1_88' title='bbox 1042 2495 1122 2570; x_wconf 86' lang='lat' dir='ltr'><strong>aut</strong></span> <span class='ocrx_word' id='word_1_89' title='bbox 1144 2470 1422 2572; x_wconf 89' lang='lat' dir='ltr'><strong>crudelitatis</strong></span> <span class='ocrx_word' id='word_1_90' title='bbox 1459 2473 1716 2595; x_wconf 86' lang='lat' dir='ltr'><strong>accusanti‚’</strong></span> 
     </span>
     <span class='ocr_line' id='line_1_12' title="bbox 204 2679 1718 2814; baseline 0.003 -40"><span class='ocrx_word' id='word_1_91' title='bbox 204 2681 342 2778; x_wconf 78' lang='lat' dir='ltr'><strong>citata</strong></span> <span class='ocrx_word' id='word_1_92' title='bbox 378 2679 524 2776; x_wconf 85' lang='lat' dir='ltr'><strong>modo</strong></span> <span class='ocrx_word' id='word_1_93' title='bbox 564 2679 697 2779; x_wconf 87' lang='lat' dir='ltr'><strong>verba</strong></span> <span class='ocrx_word' id='word_1_94' title='bbox 730 2680 833 2780; x_wconf 84' lang='lat' dir='ltr'><strong>satis</strong></span> <span class='ocrx_word' id='word_1_95' title='bbox 869 2716 949 2814; x_wconf 85' lang='lat' dir='ltr'><strong>per</strong></span> <span class='ocrx_word' id='word_1_96' title='bbox 988 2681 1032 2780; x_wconf 89' lang='lat' dir='ltr'><strong>se</strong></span> <span class='ocrx_word' id='word_1_97' title='bbox 1083 2681 1325 2780; x_wconf 87' lang='lat' dir='ltr'><strong>declarant.</strong></span> <span class='ocrx_word' id='word_1_98' title='bbox 1400 2685 1534 2781; x_wconf 85' lang='lat' dir='ltr'><strong>Unde</strong></span> <span class='ocrx_word' id='word_1_99' title='bbox 1571 2685 1718 2784; x_wconf 88' lang='lat' dir='ltr'><strong>obiter</strong></span> 
     </span>
     <span class='ocr_line' id='line_1_13' title="bbox 202 2880 1713 3026; baseline 0.003 -42"><span class='ocrx_word' id='word_1_100' title='bbox 202 2889 359 2986; x_wconf 83' lang='lat' dir='ltr'><strong>mirari</strong></span> <span class='ocrx_word' id='word_1_101' title='bbox 399 2886 555 2984; x_wconf 88' lang='lat' dir='ltr'><strong>liceret</strong></span> <span class='ocrx_word' id='word_1_102' title='bbox 577 2884 702 2984; x_wconf 90' lang='lat' dir='ltr'><strong>hunc</strong></span> <span class='ocrx_word' id='word_1_103' title='bbox 733 2909 839 3026; x_wconf 85' lang='lat' dir='ltr'><strong>tam</strong></span> <span class='ocrx_word' id='word_1_104' title='bbox 874 2880 1098 3020; x_wconf 87' lang='lat' dir='ltr'><strong>infignem</strong></span> <span class='ocrx_word' id='word_1_105' title='bbox 1121 2885 1279 2986; x_wconf 89' lang='lat' dir='ltr'><strong>locum</strong></span> <span class='ocrx_word' id='word_1_106' title='bbox 1300 2889 1505 2988; x_wconf 83' lang='lat' dir='ltr'><strong>Suadam</strong></span> <span class='ocrx_word' id='word_1_107' title='bbox 1526 2889 1713 3026; x_wconf 82' lang='lat' dir='ltr'><strong>sugiffe:</strong></span> 
     </span>
     <span class='ocr_line' id='line_1_14' title="bbox 202 3083 1721 3228; baseline 0.003 -40"><span class='ocrx_word' id='word_1_108' title='bbox 202 3085 286 3188; x_wconf 86' lang='lat' dir='ltr'><strong>nifi</strong></span> <span class='ocrx_word' id='word_1_109' title='bbox 311 3089 437 3222; x_wconf 89' lang='lat' dir='ltr'><strong>quod</strong></span> <span class='ocrx_word' id='word_1_110' title='bbox 461 3089 736 3190; x_wconf 88' lang='lat' dir='ltr'><strong>Criticorum</strong></span> <span class='ocrx_word' id='word_1_111' title='bbox 768 3083 859 3186; x_wconf 81' lang='lat' dir='ltr'><strong>sere</strong></span> <span class='ocrx_word' id='word_1_112' title='bbox 886 3085 1073 3206; x_wconf 83' lang='lat' dir='ltr'><strong>familia,</strong></span> <span class='ocrx_word' id='word_1_113' title='bbox 1097 3095 1220 3190; x_wconf 88' lang='lat' dir='ltr'><strong>acuti</strong></span> <span class='ocrx_word' id='word_1_114' title='bbox 1241 3096 1415 3228; x_wconf 87' lang='lat' dir='ltr'><strong>quippe</strong></span> <span class='ocrx_word' id='word_1_115' title='bbox 1437 3094 1519 3190; x_wconf 89' lang='lat' dir='ltr'><strong>viri</strong></span> <span class='ocrx_word' id='word_1_116' title='bbox 1541 3097 1623 3226; x_wconf 93' lang='lat' dir='ltr'><strong>qui</strong></span> <span class='ocrx_word' id='word_1_117' title='bbox 1645 3132 1721 3193; x_wconf 76' lang='lat' dir='ltr'><strong>er-</strong></span> 
     </span>
     <span class='ocr_line' id='line_1_15' title="bbox 199 3261 1714 3452; baseline 0.008 -52"><span class='ocrx_word' id='word_1_118' title='bbox 199 3333 317 3404; x_wconf 86' lang='lat' dir='ltr'><strong>rores</strong></span> <span class='ocrx_word' id='word_1_119' title='bbox 339 3261 606 3440; x_wconf 80' lang='lat' dir='ltr'><strong>scripturum</strong></span> <span class='ocrx_word' id='word_1_120' title='bbox 626 3306 796 3440; x_wconf 83' lang='lat' dir='ltr'><strong>lynceis</strong></span> <span class='ocrx_word' id='word_1_121' title='bbox 811 3303 937 3440; x_wconf 82' lang='lat' dir='ltr'><strong>quali</strong></span> <span class='ocrx_word' id='word_1_122' title='bbox 952 3305 1096 3406; x_wconf 90' lang='lat' dir='ltr'><strong>oeulis</strong></span> <span class='ocrx_word' id='word_1_123' title='bbox 1118 3308 1503 3443; x_wconf 84' lang='lat' dir='ltr'><strong>contemplantur,</strong></span> <span class='ocrx_word' id='word_1_124' title='bbox 1541 3313 1598 3411; x_wconf 91' lang='lat' dir='ltr'><strong>ad</strong></span> <span class='ocrx_word' id='word_1_125' title='bbox 1619 3350 1714 3452; x_wconf 24' lang='lat' dir='ltr'><strong>uve-</strong></span> 
     </span>
     <span class='ocr_line' id='line_1_16' title="bbox 200 3473 1104 3648; baseline 0.007 -37"><span class='ocrx_word' id='word_1_126' title='bbox 200 3549 321 3624; x_wconf 82' lang='lat' dir='ltr'><strong>neres</strong></span> <span class='ocrx_word' id='word_1_127' title='bbox 344 3513 619 3648; x_wconf 80' lang='lat' dir='ltr'><strong>virtutesque</strong></span> <span class='ocrx_word' id='word_1_128' title='bbox 641 3515 826 3647; x_wconf 88' lang='lat' dir='ltr'><strong>perinde</strong></span> <span class='ocrx_word' id='word_1_129' title='bbox 848 3473 1104 3618; x_wconf 85' lang='lat' dir='ltr'><strong>caecutiant.</strong></span> 
     </span>
    </p>

    <p class='ocr_par' dir='ltr' id='par_1_3' title="bbox 195 3729 1712 4488">
     <span class='ocr_line' id='line_1_17' title="bbox 266 3729 1712 3861; baseline 0.003 -34"><span class='ocrx_word' id='word_1_130' title='bbox 266 3729 500 3861; x_wconf 88' lang='lat' dir='ltr'><strong>Equidem</strong></span> <span class='ocrx_word' id='word_1_131' title='bbox 524 3765 619 3828; x_wconf 88' lang='lat' dir='ltr'><strong>non</strong></span> <span class='ocrx_word' id='word_1_132' title='bbox 641 3732 900 3860; x_wconf 84' lang='lat' dir='ltr'><strong>negaverim</strong></span> <span class='ocrx_word' id='word_1_133' title='bbox 932 3764 1124 3840; x_wconf 87' lang='lat' dir='ltr'><strong>omnem</strong></span> <span class='ocrx_word' id='word_1_134' title='bbox 1146 3729 1347 3828; x_wconf 88' lang='lat' dir='ltr'><strong>civilium</strong></span> <span class='ocrx_word' id='word_1_135' title='bbox 1381 3766 1616 3829; x_wconf 87' lang='lat' dir='ltr'><strong>armorum</strong></span> <span class='ocrx_word' id='word_1_136' title='bbox 1638 3770 1712 3833; x_wconf 91' lang='lat' dir='ltr'><strong>ra-</strong></span> 
     </span>
     <span class='ocr_line' id='line_1_18' title="bbox 196 3929 1710 4055; baseline 0.005 -21"><span class='ocrx_word' id='word_1_137' title='bbox 196 3938 340 4052; x_wconf 87' lang='lat' dir='ltr'><strong>biem,</strong></span> <span class='ocrx_word' id='word_1_138' title='bbox 370 3935 532 4034; x_wconf 85' lang='lat' dir='ltr'><strong>omnia</strong></span> <span class='ocrx_word' id='word_1_139' title='bbox 554 3929 901 4034; x_wconf 89' lang='lat' dir='ltr'><strong>domesticarum</strong></span> <span class='ocrx_word' id='word_1_140' title='bbox 924 3930 1128 4031; x_wconf 89' lang='lat' dir='ltr'><strong>cladium</strong></span> <span class='ocrx_word' id='word_1_141' title='bbox 1150 3933 1288 4055; x_wconf 87' lang='lat' dir='ltr'><strong>mala,</strong></span> <span class='ocrx_word' id='word_1_142' title='bbox 1309 3936 1324 3984; x_wconf 73' lang='lat'>⁵</span> <span class='ocrx_word' id='word_1_143' title='bbox 1350 3951 1383 3999; x_wconf 92' lang='lat'><strong>“</strong></span> <span class='ocrx_word' id='word_1_144' title='bbox 1402 3934 1577 4037; x_wconf 84' lang='lat' dir='ltr'><strong>fallaces</strong></span> <span class='ocrx_word' id='word_1_145' title='bbox 1593 3945 1710 4040; x_wconf 89' lang='lat' dir='ltr'><strong>ami-</strong></span> 
     </span>
     <span class='ocr_line' id='line_1_19' title="bbox 200 4145 1709 4287; baseline 0.004 -43"><span class='ocrx_word' id='word_1_146' title='bbox 200 4161 232 4211; x_wconf 84' lang='lat'><strong>“</strong></span> <span class='ocrx_word' id='word_1_147' title='bbox 267 4149 412 4265; x_wconf 86' lang='lat' dir='ltr'><strong>citias,</strong></span> <span class='ocrx_word' id='word_1_148' title='bbox 446 4148 694 4280; x_wconf 86' lang='lat' dir='ltr'><strong>perniciem</strong></span> <span class='ocrx_word' id='word_1_149' title='bbox 714 4147 1081 4268; x_wconf 89' lang='lat' dir='ltr'><strong>innocentium,’&#39;</strong></span> <span class='ocrx_word' id='word_1_150' title='bbox 1105 4181 1297 4280; x_wconf 84' lang='lat' dir='ltr'><strong>quaeque</strong></span> <span class='ocrx_word' id='word_1_151' title='bbox 1320 4145 1390 4246; x_wconf 92' lang='lat' dir='ltr'><strong>his</strong></span> <span class='ocrx_word' id='word_1_152' title='bbox 1407 4145 1569 4255; x_wconf 85' lang='lat' dir='ltr'><strong>fimilia</strong></span> <span class='ocrx_word' id='word_1_153' title='bbox 1585 4151 1709 4287; x_wconf 88' lang='lat' dir='ltr'><strong>apud</strong></span> 
     </span>
     <span class='ocr_line' id='line_1_20' title="bbox 195 4347 1709 4488; baseline 0.001 -39"><span class='ocrx_word' id='word_1_154' title='bbox 195 4353 243 4449; x_wconf 91' lang='lat' dir='ltr'>T</span> <span class='ocrx_word' id='word_1_155' title='bbox 244 4351 414 4450; x_wconf 87' lang='lat' dir='ltr'><strong>aciturn</strong></span> <span class='ocrx_word' id='word_1_156' title='bbox 434 4347 668 4488; x_wconf 85' lang='lat' dir='ltr'><strong>leguntur,</strong></span> <span class='ocrx_word' id='word_1_157' title='bbox 691 4367 704 4400; x_wconf 70' lang='lat'><strong><em>⁶</em></strong></span> <span class='ocrx_word' id='word_1_158' title='bbox 730 4349 805 4448; x_wconf 86' lang='lat' dir='ltr'><strong>irae</strong></span> <span class='ocrx_word' id='word_1_159' title='bbox 823 4351 1071 4452; x_wconf 88' lang='lat' dir='ltr'><strong>numinum</strong></span> <span class='ocrx_word' id='word_1_160' title='bbox 1091 4348 1363 4488; x_wconf 88' lang='lat' dir='ltr'><strong>plerumque</strong></span> <span class='ocrx_word' id='word_1_161' title='bbox 1378 4348 1549 4452; x_wconf 81' lang='lat' dir='ltr'><strong>referri</strong></span> <span class='ocrx_word' id='word_1_162' title='bbox 1567 4353 1709 4488; x_wconf 76' lang='lat' dir='ltr'><strong>Qtod</strong></span> 
     </span>
    </p>
   </div>
   <div class='ocr_carea' id='block_1_2' title="bbox 237 4647 1709 4799">
    <p class='ocr_par' dir='ltr' id='par_1_4' title="bbox 237 4647 1709 4799">
     <span class='ocr_line' id='line_1_21' title="bbox 237 4647 1709 4799; baseline 0.003 -41"><span class='ocrx_word' id='word_1_163' title='bbox 237 4647 259 4728; x_wconf 87' lang='lat'><strong>&#39;·</strong></span> <span class='ocrx_word' id='word_1_164' title='bbox 283 4683 441 4762; x_wconf 68' lang='lat' dir='ltr'><strong>mann.</strong></span> <span class='ocrx_word' id='word_1_165' title='bbox 461 4689 523 4785; x_wconf 63' lang='grc' dir='ltr'><strong>μς</strong></span> <span class='ocrx_word' id='word_1_166' title='bbox 572 4685 744 4764; x_wconf 64' lang='lat' dir='ltr'><strong>*mnu</strong></span> <span class='ocrx_word' id='word_1_167' title='bbox 762 4685 811 4766; x_wconf 70' lang='lat' dir='ltr'><strong>tv.</strong></span> <span class='ocrx_word' id='word_1_168' title='bbox 830 4695 892 4790; x_wconf 78' lang='lat' dir='ltr'><strong>asi</strong></span> <span class='ocrx_word' id='word_1_169' title='bbox 939 4685 1116 4778; x_wconf 67' lang='lat' dir='ltr'><strong>scorrer</strong></span> <span class='ocrx_word' id='word_1_170' title='bbox 1132 4689 1268 4794; x_wconf 68' lang='lat' dir='ltr'><strong>anan</strong></span> <span class='ocrx_word' id='word_1_171' title='bbox 1286 4690 1312 4796; x_wconf 65' lang='grc' dir='ltr'><strong>εἱ</strong></span> <span class='ocrx_word' id='word_1_172' title='bbox 1339 4713 1400 4792; x_wconf 60' lang='lat'><strong>39„</strong></span> <span class='ocrx_word' id='word_1_173' title='bbox 1417 4707 1453 4768; x_wconf 73' lang='lat' dir='ltr'><strong>et</strong></span> <span class='ocrx_word' id='word_1_174' title='bbox 1469 4689 1567 4770; x_wconf 80' lang='lat' dir='ltr'><strong>uu.</strong></span> <span class='ocrx_word' id='word_1_175' title='bbox 1587 4688 1709 4799; x_wconf 56' lang='lat' dir='ltr'><strong>ispi</strong></span> 
     </span>
    </p>
   </div>
   <div class='ocr_carea' id='block_1_3' title="bbox 190 4855 768 4988">
    <p class='ocr_par' dir='ltr' id='par_1_5' title="bbox 190 4855 768 4988">
     <span class='ocr_line' id='line_1_22' title="bbox 190 4855 768 4988; baseline 0.01 -52"><span class='ocrx_word' id='word_1_176' title='bbox 190 4879 281 4988; x_wconf 58' lang='lat' dir='ltr'><strong>eun}</strong></span> <span class='ocrx_word' id='word_1_177' title='bbox 297 4855 430 4966; x_wconf 60' lang='grc' dir='ltr'><strong>Αιπιι]ξ</strong></span> <span class='ocrx_word' id='word_1_178' title='bbox 445 4859 497 4964; x_wconf 44' lang='lat' dir='ltr'><strong>ivr</strong></span> <span class='ocrx_word' id='word_1_179' title='bbox 516 4885 548 4940; x_wconf 85' lang='lat'><strong>1.</strong></span> <span class='ocrx_word' id='word_1_180' title='bbox 564 4873 601 4966; x_wconf 76' lang='lat' dir='ltr'><strong>et</strong></span> <span class='ocrx_word' id='word_1_181' title='bbox 615 4860 690 4966; x_wconf 82' lang='lat' dir='ltr'><strong>uvi.¹</strong></span> <span class='ocrx_word' id='word_1_182' title='bbox 710 4861 768 4942; x_wconf 77' lang='lat'><strong>16.</strong></span> 
     </span>
    </p>
   </div>
   <div class='ocr_carea' id='block_1_4' title="bbox 880 5036 1708 5191">
    <p class='ocr_par' dir='ltr' id='par_1_6' title="bbox 880 5036 1708 5191">
     <span class='ocr_line' id='line_1_23' title="bbox 880 5036 1708 5191; baseline 0.001 -51"><span class='ocrx_word' id='word_1_183' title='bbox 880 5036 934 5140; x_wconf 89' lang='lat' dir='ltr'>D</span> <span class='ocrx_word' id='word_1_184' title='bbox 1135 5177 1139 5191; x_wconf 26' lang='lat'>¹</span> <span class='ocrx_word' id='word_1_185' title='bbox 1547 5061 1708 5170; x_wconf 84' lang='lat' dir='ltr'><strong>tamen</strong></span> 
     </span>
    </p>
   </div>
   <div class='ocr_carea' id='block_1_5' title="bbox 0 0 2148 5584">
    <p class='ocr_par' dir='ltr' id='par_1_7' title="bbox 0 0 2148 5584">
     <span class='ocr_line' id='line_1_24' title="bbox 0 0 2148 5584; baseline 0 1"><span class='ocrx_word' id='word_1_186' title='bbox 0 0 2148 5584; x_wconf 95' lang='lat' dir='ltr'><strong> </strong></span> 
     </span>
    </p>
   </div>
  </div>
 </body>
</html>
