4376 5586
1111 593 1141 756 (
1194 633 1269 716 ¹0
1321 599 1347 758 )

659 801 772 900 crim
788 787 976 935 corpora
987 802 1127 900 etiam
1145 797 1294 898 nostra
1315 795 1422 899 licdt
1437 797 1595 919 stcare,
1617 807 1804 938 aperire,

659 965 715 1038 ac
751 939 954 1040 dividere
987 937 1219 1072 pellimus,
1259 973 1360 1070 quae
1393 935 1449 1035 fit
1477 939 1640 1039 intima
1665 942 1806 1044 fibra-

657 1110 764 1180 rum
795 1081 1074 1178 'constructio
1098 1115 1194 1176 non
1234 1077 1370 1176 detur
1406 1075 1547 1176 seire?
1595 1085 1661 1177 Ut
1699 1087 1806 1187 vcrd

658 1217 956 1352 quaestionem
983 1215 1102 1316 hanc
1138 1215 1472 1351 perobscuram
1509 1217 1568 1314 de
1591 1223 1683 1354 qud
1703 1223 1805 1324 taint

658 1361 791 1456 variae
808 1357 912 1458 sunt
932 1355 1295 1456 dostillimorum
1314 1358 1594 1476 Hominum,
1618 1348 1804 1494 timque

659 1495 958 1629 discrepantes
988 1494 1228 1609 sententia,
1258 1492 1378 1589 srcco
1400 1492 1532 1628 pede,
1576 1521 1715 1629 atque
1733 1503 1806 1600 in-

657 1641 828 1730 tactam
852 1631 1250 1766 praetervelramur3
1275 1630 1334 1726 ad
1358 1663 1425 1745 ca,
1449 1666 1552 1762 quae
1567 1631 1701 1734 facile
1722 1640 1805 1735 de-

657 1769 882 1904 prehendi
902 1769 1099 1904 poffunt,
1135 1772 1312 1867 animos
1335 1791 1382 1864 ct
1412 1771 1667 1867 orationem
1692 1809 1804 1874 con-

659 1934 828 2006 vertere
861 1941 1005 2046 operae
1042 1910 1239 2045 pretium
1274 1911 1373 2026 erit,
1408 1941 1494 2005 nec
1527 1907 1803 2044 injucundus

658 2047 798 2146 labor.

729 2186 972 2287 Iracundia
994 2189 1037 2312 (a
1056 2186 1276 2285 veteribus
1293 2185 1483 2305 Medicis
1502 2182 1632 2304 haud
1650 2189 1805 2324 inepti

657 2359 793 2459 parva
814 2323 960 2441 febris,
993 2359 1049 2424 ac
1072 2323 1214 2424 brevis
1238 2323 1465 2463 Epilepsra
1488 2322 1628 2453 dicta)
1656 2363 1804 2464 quan·

656 2487 760 2562 tum
794 2467 844 2562 in
866 2468 1072 2563 Homine
1099 2464 1337 2562 turbarum
1366 2465 1544 2578 excitet,
1585 2468 1731 2598 magis
1752 2467 1803 2563 in

655 2627 875 2738 prompnr
898 2603 1043 2700 estex
1064 2605 1299 2701 Pidomm
1321 2599 1564 2720 laboribus,
1587 2625 1669 2699 aut
1688 2603 1804 2700 Ροὲ·

655 2765 810 2842 tarum
844 2741 1142 2875 depromere3
1185 2775 1326 2876 quam
1356 2737 1534 2870 singula
1570 2739 1654 2838 ista
1681 2741 1803 2842 lenti

656 2883 859 2979 oratione
881 2915 1100 2998 enarrare,
1120 2913 1223 3013 quae
1244 2906 1341 2979 tam
1365 2875 1536 2994 fluidae,
1568 2913 1711 3014 quam
1734 2879 1804 2978 so-

655 3021 758 3118 lidae
792 3022 990 3150 corporis
1025 3031 1172 3149 partes
1204 3041 1456 3113 momento·
1474 3021 1689 3147 temporis
1719 3023 1804 3154 pa-

656 3158 839 3252 tiantur.
895 3160 1014 3247 “Ut
1043 3153 1149 3249 scias
1180 3155 1347 3282 (inquit
1370 3147 1554 3275 Seneca)
1589 3187 1684 3248 non
1713 3155 1803 3254 effe

658 3314 689 3362 “
712 3290 854 3405 sanos,
882 3323 997 3420 quos
1019 3291 1086 3384 ira
1109 3286 1318 3418 poffidet,
1350 3287 1498 3418 ipsum
1520 3287 1695 3390 intuere
1718 3293 1803 3391 ha·

659 3451 689 3499 “
714 3426 907 3526 bitum.’'
942 3423 1071 3526 Nihil
1107 3425 1228 3526 aded
1260 3426 1312 3524 in
1337 3459 1523 3556 corpore
1551 3427 1617 3528 cll
1646 3427 1711 3526 sui
1741 3430 1802 3529 sr-
1895 3422 1901 3428 ’

656 3565 768 3670 mile
782 3605 798 3687 3
836 3569 886 3662 in
907 3585 1060 3666 mente
1092 3562 1210 3694 nihil
1234 3560 1303 3660 sui
1319 3587 1501 3702 ,potens
1547 3564 1679 3690 Alius
1700 3569 1800 3666 vul÷

655 3699 742 3821 lus,
782 3701 893 3802 alius
938 3703 1077 3822 color,
1126 3703 1238 3801 alius
1274 3701 1592 3836 membrorum
1636 3705 1798 3838 gestus,

655 3838 806 3980 injulli
851 3833 1166 3942 musculorum
1219 3866 1385 3960 motus,
1439 3865 1656 3942 tremores
1704 3881 1799 3942 non

656 3979 909 4098 co'e'rcendi,
947 3981 1107 4080 Cordis
1136 3983 1492 4115 anteriorumque
1519 3981 1669 4117 pulfirs
1703 4019 1799 4082 non

655 4119 891 4240 naturales,
922 4116 1128 4232 alimenti
1159 4121 1323 4257 coctio,
1357 4123 1623 4219 nutrimenti
1649 4121 1797 4224 distri·

653 4255 816 4377 butio„
834 4249 1085 4364 humorum
1108 4260 1336 4390 circuitus,
1374 4261 1536 4358 secreta
1559 4285 1697 4398 atque
1718 4295 1798 4358 ex-

655 4395 776 4502 creta
797 4401 970 4516 omnia,
1002 4395 1202 4496 universa
1215 4395 1426 4535 'denique
1448 4401 1663 4500 Hominis
1686 4433 1798 4494 con·-

1701 4533 1797 4638 fun
