4288 5584
901 353 930 546 't
981 417 1087 537 “19
1155 375 1179 596 ι

315 641 467 810 gratus
487 661 645 789 effem,
680 657 717 762 fi
747 693 843 771 non
874 655 1127 798 profiterer,
1151 693 1233 797 per
1257 691 1399 798 quem
1417 623 1708 800 profecerim,
1730 649 1783 800 ιι
1854 597 1858 608 .

315 832 432 971 quid
455 823 643 967 profeci.

386 1155 477 1251 Tu
493 1188 529 1249 ιι
561 1121 669 1248 vcro
705 1145 818 1280 quia
851 1164 1184 1278 praceptorum
1213 1119 1472 1248 nostrorum
1500 1147 1664 1283 injecia
1702 1145 1768 1246 est

320 1315 513 1429 mentio,
559 1334 665 1408 tum
704 1309 813 1442 quia
859 1309 1125 1404 Harreianae
1162 1308 1359 1406 orationi
1392 1306 1656 1452 appositum
1702 1309 1771 1405 vi-

321 1472 458 1573 detur
486 1507 563 1612 cos
596 1503 867 1588 memorare,
903 1472 987 1601 qui
1028 1469 1080 1565 in
1126 1466 1307 1587 eodem,
1344 1504 1441 1612 qno
1484 1467 1592 1608 ipse,
1629 1465 1773 1567 stadio

323 1603 637 1757 decurrerunt,
673 1630 821 1730 liceat
846 1628 964 1730 ιιιιιιι
1002 1664 1084 1762 par
1119 1624 1340 1728 illustre
1327 1653 1445 1727 mter
1477 1633 1599 1728 vivos
1622 1607 1773 1764 defig-

313 1831 446 1917 narc,
471 1829 554 1930 qut
539 1791 855 1892 medicinam
878 1791 1206 1908 anatomicam,
1230 1789 1278 1888 id
1315 1787 1396 1909 est,
1433 1791 1703 1890 rationalem
1725 1813 1773 1887 et
1830 1894 1836 1903 ,

324 1955 470 2058 firmae
530 1952 616 2054 suae
667 1949 760 2052 hali
820 1949 965 2051 fixam
1023 1947 1358 2084 fundatamque
1407 1975 1771 2086 promoverunt3

324 2151 526 2255 quotum
566 2111 680 2227 alter
736 2113 1005 2248 praelectoris
1051 2115 1302 2214 anatomici
1339 2149 1529 2214 munere
1570 2108 1775 2246 ptimtlm

313 2277 501 2376 -Οιιοιιιι
528 2298 575 2372 et
605 2270 772 2408 postea
809 2277 858 2374 in
895 2272 983 2374 hle
1013 2274 1203 2374 civitate
1228 2311 1377 2375 manu
1411 2269 1774 2408 incomparabili,
1902 2357 1906 2362 .

324 2473 411 2537 nec
443 2431 597 2534 adhuc
624 2431 846 2568 superata,
872 2431 1085 2534 humana
1107 2419 1288 2536 fabrica
1307 2435 1552 2572 penetralia
1583 2429 1778 2533 teclufit.

328 2597 533 2696 Alterius
557 2593 709 2691 eidem
732 2595 989 2696 succefforis
1010 2624 1058 2696 et
1080 2599 1130 2696 in
1159 2597 1305 2697 nihilo
1328 2601 1519 2696 minoris
1552 2593 1778 2728 optatiffi-
1832 2682 1835 2688 ,

327 2793 409 2860 mo
437 2756 538 2892 jam
559 2751 756 2853 fruimur
774 2748 998 2851 Praesrdio
1026 2757 1154 2852 Cum
1168 2779 1325 2854 autem
1360 2725 1777 2854 benemerentibus
1935 2749 1943 2756 ’

326 2919 498 3054 gratim
538 2911 603 3012 est
636 2909 854 3048 prodeffe
900 2909 1045 3046 quam
1088 2912 1278 3039 laudari,
1332 2913 1550 3160 ignoscas,
1607 2917 1771 3049 queso,

330 3082 415 3178 Vir
438 3071 817 3196 Honoratillime,
854 3073 1022 3209 quod
1128 3139 1131 3149 ·
1717 3150 1759 3166 ..

468 3391 677 3494 Praesenti
697 3393 781 3492 tibi
806 3415 1007 3498 maturos
1027 3392 1246 3528 largimur
1270 3389 1479 3492 honores.

396 3713 516 3805 ‘Hos
564 3703 679 3800 viros
710 3729 878 3836 prater
906 3699 1183 3822 Hannon,
1220 3697 1538 3836 plurimosque!
1570 3706 1677 3802 alios
1713 3705 1782 3802 his

332 3899 610 4000 congeneret
622 3944 625 3954 .
637 3865 686 3960 in
716 3864 898 3996 gremiis
919 3859 1006 3958 luis
1025 3859 1235 3974 foverunt
1252 3865 1517 3964 Academia
1535 3865 1776 3981 nostratem

322 4034 360 4134 ’ὲ
383 4030 550 4168 qnibua
578 4061 726 4162 quum
754 4049 826 4122 tot
859 4025 1082 4158 principer
1114 4049 1161 4122 et
1190 4024 1390 4159 primaiii
1425 4029 1484 4126 in·
1510 4023 1783 4162 profeilrone

337 4193 523 4294 salutari.
563 4185 764 4320 magistri
803 4177 1031 4307 exierunt,
1059 4183 1139 4302 mel
1186 4181 1301 4286 illud
1342 4179 1514 4287 indicio
1537 4185 1633 4312 jost,
1685 4218 1781 4284 non

337 4357 444 4454 alias
460 4351 553 4449 'elle
575 4346 832 4446 illustriores
855 4343 1092 4444 medicinae
1127 4343 1313 4447 stholac
1388 4353 1514 4467 Non·
1542 4349 1595 4446 et
1628 4377 1782 4464 mente

339 4517 509 4637 sumus,
545 4505 819 4609 utaltar'un't
845 4511 1043 4646 pretium
1080 4501 1449 4630 imminuamus,
1478 4511 1551 4610 sed
1575 4545 1684 4608 cum
1703 4499 1808 4607 ⁸ra·-¹

340 4679 406 4774 tio
451 4669 743 4771 institutionis
774 4645 932 4770 nolirae
964 4669 1256 4770 Academica
1288 4707 1314 4768 a
1346 4671 1619 4807 quibusdam
1650 4678 1781 4770 inex-

1003 4839 1046 4930 C
1087 4867 1113 4934 ἰ
1646 4836 1782 4967 pertin
