4288 5584
890 633 1034 791 (13
1080 635 1109 796 )

425 845 784 1003 tate‘abibat3
831 876 932 964 aut
958 844 993 964 a
1019 845 1223 1002 sanese
1239 831 1454 999 judicio
1472 845 1568 967 de·

425 1034 573 1156 mitti·
599 1029 911 1199 patiebatur
938 1039 1010 1154 ad
1038 1034 1419 1155 credutitatem
1432 1084 1451 1154 ε·
1480 1080 1571 1154 ne-

426 1265 535 1385 que
571 1224 689 1340 ullo
715 1223 887 1342 modo
914 1221 958 1341 is
984 1209 1122 1370 erat,
1138 1220 1246 1385 'qui
1272 1203 1571 1341 commodo

297 1387 299 1390 ⁵
425 1409 526 1528 suo
546 1453 632 1528 res
657 1408 832 1574 magis
854 1453 1023 1573 quam
1050 1408 1231 1528 alieno
1259 1397 1568 1530 aestimaret.
1694 1480 1698 1488 ·

426 1601 651 1759 Aperto
696 1625 835 1714 voto
879 1593 1128 1716 affuetus
1171 1595 1375 1743 vivere,
1423 1584 1566 1715 itun-

425 1825 595 1946 quam
621 1780 986 1949 &conspectu
1006 1773 1300 1904 hominum
1319 1779 1567 1902 actiones

424 1968 711 2124 subduxit,
768 2013 840 2088 ne
893 1969 1259 2138 cogitationes
1304 1969 1567 2132 quidem:

425 2188 602 2321 utque
641 2153 954 2277 innocentia
980 2157 1076 2276 sua
1102 2155 1440 2276 defendebat
1468 2157 1568 2275 ini-

426 2340 675 2492 micitias,
719 2343 799 2463 ita
833 2343 964 2464 vitae
991 2341 1357 2510 placidissimae
1383 2374 1569 2464 tenor-

427 2547 517 2651 em
550 2528 748 2650 insidiis
782 2531 1153 2697 praecavendis
1187 2529 1367 2650 noluit
1402 2529 1568 2651 inter·

426 2763 702 2883 rumpere.
757 2720 1051 2839 Amicitias
1078 2750 1270 2892 autem
1297 2718 1408 2881 qua
1435 2763 1567 2883 pru-

425 2903 634 3050 denda,
679 2947 795 3066 quo
834 2902 1002 3020 animi
1034 2904 1229 3021 ardore
1277 2901 1569 3065 amplexas

427 3086 527 3207 est!
560 3086 796 3251 quanta
849 3085 1196 3240 confirmavit
1238 3086 1569 3210 constantia!

426 3318 595 3439 quam
634 3273 864 3394 honeste
908 3275 942 3394 ὲ
973 3276 1237 3416 comitate
1277 3275 1472 3397 fucum
1511 3307 1571 3397 et

426 3460 666 3582 fallacias
720 3463 1057 3627 repudiavit!
1103 3463 1138 3584 a
1185 3461 1570 3585 benevolentia

426 3649 577 3816 spem
598 3679 767 3812 atque
793 3649 1077 3770 confilium
1093 3653 1393 3773 mercedis!

480 3835 793 4000 'Praecipue
812 3863 1022 3984 autem,
1050 3867 1109 3956 et
1129 3839 1282 4001 quod
1300 3841 1432 3956 Nos
1449 3882 1567 3956 ma·

426 4023 576 4144 xime
603 4021 849 4187 attingit,
883 4064 1065 4142 mores
1092 4023 1209 4173 ejus
1235 4067 1349 4142 non
1377 4023 1460 4141 ira
1483 4021 1565 4144 ef·
1750 4081 1765 4162 ς

425 4207 641 4357 fetavit,
670 4253 784 4327 non
812 4206 1153 4374 exasperavit
1177 4207 1370 4327 odiu'm
1384 4213 1418 4361 3'
1452 4252 1566 4327 non

426 4393 688 4522 vindictae
719 4403 727 4416 ’
753 4397 958 4566 cupido
1015 4401 1104 4520 ad·
1140 4397 1566 4569 imprudentiam

1330 4585 1565 4768 ¹detorsit
