4288 5584
994 297 1143 550 (a)

288 1133 499 1258 Utrum
526 1127 750 1250 Veteris
764 1125 1036 1250 Comudt'ae
1061 1111 1586 1296 apud'Atbrmrnses
1607 1135 1832 1258 licentia

224 1311 228 1322 ’
368 1323 456 1442 ad
470 1320 1009 1440 emendandosmores
1026 1321 1204 1487 magis
1224 1363 1302 1440 an
1319 1322 1406 1439 ad
1420 1323 1828 1492 corrumpendos

368 1508 713 1630 contulerit?

392 1893 496 1978 ΠΜ
526 1891 566 1974 in
585 1887 810 1976 ciuitatum·
827 1889 995 2002 populati
1020 1891 1279 2002 procuratione
1308 1889 1354 1976 sit
1385 1887 1487 1979 nulla
1513 1896 1606 2000 ferd,
1637 1895 1755 2008 qualia
1789 1901 1829 1982 in

325 2053 330 2073 ¹
411 2023 537 2134 Regio
554 2022 764 2122 dominatu,
785 2015 960 2122 Potestas,
976 2015 1087 2133 ‚firpr'a
1107 2015 1242 2131 Populi
1259 2021 1555 2108 mediocritatem
1571 2045 1614 2108 et
1638 2025 1829 2136 aqualia-

281 2173 362 2238 tem
379 2157 419 2237 in
436 2154 585 2240 excelso
598 2140 789 2256 collocuta,
808 2174 891 2264 quae
908 2149 1086 2234 unirer&
1105 2152 1216 2264 Reip.
1238 2150 1429 2237 licentiam
1445 2155 1648 2259 refraenare,
1677 2157 1831 2270 Legum

282 2282 530 2370 imbecillitati
566 2283 759 2398 opitulari,
787 2281 988 2394 ing'c'nt'cm
1012 2297 1057 2362 ct
1082 2273 1276 2364 robustam
1305 2282 1582 2396 improbitatem
1613 2277 1831 2396 expugnare*

281 2418 418 2528 pomo
444 2413 845 2528 mrdtatn²etpiopriae
861 2411 1122 2523 excogitabdae'
1135 2411 1222 2493 litut
1238 2412 1319 2515 uiae,
1335 2439 1421 2524 quc
1441 2424 1509 2495 aut‘
1524 2415 1675 2498 morum
1695 2412 1828 2496 severi-

282 2561 399 2628 tatem
417 2545 715 2654 intactamutque
727 2540 941 2625 inviolatam
953 2539 1122 2652 praestcnt
1133 2577 1146 2638 t
1173 2557 1237 2622 aut
1247 2533 1458 2624 nascentem
1470 2541 1829 2624 etverecundantem'

281 2672 727 2782 nequitiam-sculpendo,
744 2670 905 2754 audaciae
921 2667 1177 2750 maturitatem
1196 2667 1405 2778 praocidant.
1435 2668 1526 2751 Hic
1542 2669 1618 2778 spe,
1632 2668 1704 2753 htc
1717 2693 1834 2752 men-r

281 2815 323 2878 tc
342 2797 520 2878 vectem
536 2796 633 2878 inter
649 2793 893 2882 Athenienses
911 2791 1151 2875 Comoediam
1173 2792 1213 2872 in
1243 2791 1452 2876 societatem
1476 2786 1777 2904 disciplinarum,
1791 2815 1830 2876 ct
1927 2889 1931 2898 ¹

282 2922 612 3025 consuetudinum,
638 2921 783 3032 quibua
796 2921 921 3002 liberae
944 2917 1101 3002 ciuitatis
1131 2919 1211 3022 vit.
1226 2937 1265 3002 ct
1286 2913 1428 3003 sanit’as'
1435 2939 1667 3038 propagetur,
1695 2923 1830 3007 venisse¹

279 3050 520 3154 coutetur,
547 3067 591 3132 ut
605 3047 654 3132 ad
672 3049 1003 3151 caetcrcsaffe'dcun
1031 3049 1099 3160 qui
1114 3049 1162 3132 ad
1179 3049 1369 3162 publicam
1389 3051 1544 3136 salutem
1561 3049 1728 3166 vigibnt,
1764 3081 1828 3138 ac-

281 3183 430 3266 ecdem
448 3181 701 3294 Contemptus
718 3195 757 3264 et
774 3179 930 3264 Pudorit
939 3179 1146 3295 consensio.
1201 3185 1259 3262 At
1284 3181 1376 3264 verb
1403 3181 1429 3264 fi
1449 3183 1534 3294 quis
1552 3181 1829 3267 sortd'miretur

282 3309 461 3394 humanis
477 3311 577 3392 curia
599 3323 639 3391 et
661 3305 951 3418 mgttattonibuc
973 3307 1221 3418 imperiorum
1247 3305 1396 3390 occasus
1423 3307 1515 3420 supe
1533 3333 1610 3392 nou
1639 3311 1827 3416 retardari,

282 3438 424 3551 satique
441 3436 653 3542 necessitati,
680 3435 995 3521 suommciviom
1011 3439 1099 3539 ritu,
1112 3459 1264 3548 magnas
1282 3435 1459 3519 Civitates
1475 3437 1624 3537 deberi;
1652 3437 1830 3553 intelligat

280 3574 331 3658 ab
356 3573 441 3685 ipsu
479 3571 636 3683 legibue,
664 3569 821 3654 meliora
853 3569 1029 3684 pollicitis
1058 3571 1169 3682 Reip.
1212 3572 1317 3680 cujus
1353 3569 1462 3654 causi
1506 3592 1700 3684 procreata
1745 3573 1829 3676 fint,

283 3693 376 3812 saep&
393 3699 577 3812 producte
593 3719 704 3811 atque
732 3705 907 3782 emanare
929 3723 1181 3782 communem
1202 3699 1449 3783 calamitatem
1477 3716 1516 3781 ct
1532 3701 1688 3812 pestem.
1745 3703 1828 3784 Re.
1961 3761 1963 3766 ,

283 3831 441 3943 podiatit
459 3827 815 3948 itaqueaudtc'rssmc
827 3825 865 3907 in
884 3827 1131 3938 disquirendo,
1161 3827 1257 3909 dum
1276 3825 1425 3910 rationis
1442 3847 1635 3911 momenta
1651 3829 1826 3942 indagan-

283 3980 360 4059 tur,
383 3957 466 4064 jure
479 3955 558 4038 hau
594 3955 748 4064 quanto
775 3953 940 4034 instituta
975 3953 1048 4036 effe
1064 3953 1225 4054 videtur,
1252 3971 1381 4036 utrum
1399 3955 1544 4037 Veteris
1561 3957 1768 4040 Comoediae
1779 3958 1828 4039 li·

283 4087 403 4170 centia
433 4085 479 4166 ad
492 4081 743 4195 emendandoa
758 4105 883 4164 mores
905 4081 1037 4191 nugis,
1063 4107 1113 4163 an
1130 4079 1177 4163 ad
1196 4083 1485 4194 corrumpendos
1503 4083 1715 4170 contulerit.
1764 4183 1768 4192 .

339 4213 451 4306 Nolo
464 4213 621 4323 quidem
634 4239 687 4296 ex
703 4211 878 4294 feriarum
895 4209 1117 4314 celebritate,
1145 4227 1184 4292 et
1207 4209 1349 4294 rusticis
1366 4211 1685 4295 comessationdrus
1703 4213 1827 4328 prima

285 4345 492 4430 Commdiae
508 4343 690 4426 elementa
702 4369 832 4426 mucre
839 4383 853 4442 ς
881 4371 1003 4455 neque
1016 4345 1058 4426 in
1067 4343 1235 4453 Margitd
1246 4343 1423 4450 Homeri,
1451 4344 1583 4428 rudem
1607 4364 1720 4459 atque
1748 4347 1825 4430 im·

283 4475 489 4589 perfectam
506 4473 670 4556 sormam
688 4474 902 4583 investigare
914 4513 928 4573 t
955 4501 1079 4586 neque
1106 4474 1201 4557 inter
1219 4473 1361 4559 Siculos
1398 4476 1467 4558 sub
1485 4473 1727 4588 Epicharmo,
1755 4503 1825 4562 ne-

285 4627 362 4714 que
379 4601 500 4683 rursus
518 4600 587 4681 sub
603 4600 753 4682 Cratete
782 4599 876 4681 inter
894 4599 1150 4704 Athenienses,
1178 4600 1294 4684 scenae
1309 4598 1519 4713 fabulaeque
1539 4602 1714 4714 legitimae
1731 4630 1823 4715 pro·

284 4727 482 4839 greffioncs
500 4727 691 4840 persequie
720 4729 803 4811 Hae
815 4745 934 4838 partes
949 4729 1056 4811 nobis
1072 4727 1208 4811 delatas
1217 4727 1288 4811 effe
1306 4727 1434 4828 sentio,
1463 4748 1506 4814 ut
1524 4730 1825 4842 contemplemur

284 4859 553 4957 Comoediam3
589 4857 651 4940 sed
687 4857 926 4942 Comoediam
956 4857 1154 4942 debentem
1193 4858 1382 4971 Eupolidi,
1414 4861 1582 4965 Cratino,
1601 4858 1822 4971 Aristopha-

284 4989 340 5092 ni,
383 4987 533 5098 pienam
562 4987 752 5098 quandam
783 5003 822 5070 ct
851 4986 1015 5072 succiet
1049 4985 1182 5071 coloris
1204 4991 1457 5074 maturitatem
1468 5028 1482 5089 t
1510 4989 1551 5072 in
1581 4985 1676 5072 Belli
1712 4987 1824 5069 Pelo-

343 5109 347 5118 ’
1048 5141 1138 5204 nc
1617 5116 1826 5223 ponncfiaci
