4288 5584
243 561 312 677 ipfi
334 561 494 652 teum
508 555 707 674 poetarum
728 552 855 668 culpae
878 555 1102 669 exprobrare
1126 555 1333 645 videamur.
1352 557 1360 574 ²
1390 557 1463 644 Sed
1478 556 1524 645 tit'
1537 561 1585 644 de
1600 559 1801 674 questione

242 695 344 804 juste
376 713 417 778 et
442 691 653 776 mnilantdr
680 687 913 786 differamue3
938 715 1022 790 nec,
1050 689 1124 801 qud
1157 687 1233 801 ipsa
1263 690 1317 772 est
1341 689 1633 798 usnComoedia,
1661 695 1799 780 indicta

143 884 146 892 .
243 824 352 905 oauld
400 818 672 907 condemnandi
716 817 925 900 lberntem
952 817 1059 900 nobis
1096 817 1369 928 deprecemur;
1404 819 1455 902 fic
1484 821 1706 924 constituite,
1753 824 1800 905 ad

242 949 348 1034 hunc
383 952 501 1036 tinem
541 947 711 1062 speetaffe
727 947 911 1030 Ueterem
929 946 1183 1049 Cornoediam,
1212 946 1382 1031 Ridiculi
1398 948 1601 1035 ministerio
1636 952 1797 1034 excitare

243 1085 283 1165 in
309 1105 454 1183 comm,
481 1077 553 1186 qui
574 1075 743 1176 audiunt,
762 1073 899 1156 animis
917 1075 1225 1187 Contemptum;
1252 1075 1292 1156 in
1318 1103 1466 1178 eorum,
1495 1079 1563 1187 qui
1580 1079 1794 1183 irridentur,

243 1209 444 1294 Pudorem.
501 1209 646 1290 Utrum
674 1207 765 1288 verb
782 1231 940 1290 morum
956 1205 1206 1288 emendationi
1221 1203 1336 1317 pmfit
1351 1207 1482 1318 magis,
1509 1215 1558 1290 an
1589 1209 1709 1292 obstet
1738 1211 1793 1291 ir-

239 1337 383 1420 ridendi
413 1335 494 1420 hae
522 1334 682 1436 licentia,
718 1361 798 1417 non
829 1352 915 1416 ante
938 1335 1026 1418 licet
1053 1335 1277 1444 dignoscere,
1310 1336 1429 1447 quim
1454 1336 1528 1418 alte
1551 1357 1590 1419 et
1617 1339 1793 1420 radicitus

239 1464 479 1577 exploratum
516 1463 646 1565 fuerit,
674 1462 753 1572 qud
780 1463 843 1544 vid
878 1463 926 1546 ad
948 1463 1157 1558 affectuum
1187 1464 1269 1546 vim
1300 1464 1540 1567 sentiendam,
1568 1466 1665 1550 inter
1694 1473 1791 1581 quo's

243 1591 493 1702 asumptus
509 1608 547 1673 et
565 1589 720 1672 Pudo'riu
745 1589 840 1672 ratio
860 1587 1029 1674 habenda
1045 1589 1114 1693 est,
1141 1589 1286 1674 animus
1303 1593 1568 1702 progrediatur.

298 1719 474 1830 Intelligo
491 1719 618 1832 itaque
637 1717 730 1802 edm
751 1715 850 1800 hanc
872 1746 1001 1800 rerum
1017 1736 1259 1801 externarum
1278 1719 1565 1822 univerlitatem,
1597 1723 1682 1806 tiam
1714 1723 1790 1807 hu·

244 1875 364 1931 mane
399 1849 535 1932 mentis
569 1846 745 1930 discursus
779 1845 970 1929 interiores
1012 1845 1087 1928 effe
1126 1847 1313 1929 infinitam
1340 1849 1530 1957 quandam
1557 1849 1712 1962 sylvam,
1751 1873 1790 1934 et

243 1979 453 2083 materiam,
483 1979 584 2062 uude
620 1976 820 2060 notionum
847 1977 1056 2059 nostrarum
1083 1976 1207 2058 omnis
1237 1971 1384 2059 ubertas
1410 1979 1623 2062 derivatur:
1656 2009 1704 2064 ex
1730 1981 1790 2065 his

241 2104 327 2190 aliae
350 2107 443 2219 sepe
476 2107 528 2188 ita
554 2103 721 2216 legitimd
743 2101 957 2212 conjunctas
982 2100 1067 2203 effe,
1099 2119 1145 2184 ut
1171 2123 1298 2186 terum
1329 2105 1522 2188 veritatem
1539 2109 1681 2217 integre
1700 2110 1789 2192 imi·

239 2257 391 2337 tentum
427 2237 514 2320 alias
552 2238 604 2320 ita
628 2233 770 2318 temere
795 2233 867 2316 effe
887 2229 1114 2334 committas,
1149 2249 1193 2314 ut
1215 2231 1384 2344 perversd
1418 2253 1457 2316 et
1487 2237 1697 2347 perturbata
1722 2241 1789 2331 ad-

241 2367 476 2452 umbratione
511 2365 620 2448 illam
649 2364 759 2476 plane
795 2381 1061 2475 corrumpant:
1116 2361 1268 2445 Ratioti
1308 2362 1374 2444 has
1407 2383 1529 2474 partes
1550 2365 1785 2450 demandatas

241 2497 327 2598 effe,
364 2513 408 2578 ut
433 2495 609 2606 notiones
632 2495 709 2603 quai
752 2492 974 2604 cognatione
1009 2491 1203 2574 veritatem
1232 2491 1429 2602 attingant,
1461 2494 1552 2603 'qud
1585 2493 1787 2576 fideinter

242 2619 279 2704 se
313 2621 533 2722 cohereant,
572 2617 783 2730 perpendat,
821 2637 933 2727 atque
968 2616 1148 2700 estimet:
1175 2617 1397 2699 ardentiores
1427 2638 1555 2700 autem
1578 2621 1780 2707 vibrantes-

240 2773 316 2856 que
345 2744 540 2854 imagines,
576 2769 670 2852 quas
689 2742 813 2822 Graeci
836 2735 1021 2840 pataviae
1054 2758 1202 2842 vocant,
1249 2741 1324 2822 five
1353 2767 1403 2823 ex
1430 2741 1574 2825 linceris
1606 2745 1677 2826 illis
1712 2766 1785 2830 no-

238 2872 414 2974 tionibus,
444 2871 520 2950 srve
550 2895 599 2952 ex
627 2869 787 2950 fortuitis
817 2865 1037 2968 conflentur,
1080 2869 1229 2950 rationis
1259 2870 1470 2952 tarditatem
1506 2889 1545 2953 et
1579 2873 1782 2958 confirma-

240 3001 384 3083 tionem
421 2993 611 3108 saepiffimd
642 2991 743 3075 nolle
774 2995 979 3103 expedtare,
1020 2994 1301 3103 cogitationibus
1333 2993 1530 3098 dominari,
1576 2994 1785 3087 affectuum

242 3127 400 3210 demum
437 3120 695 3234 procreatrices
726 3118 809 3204 elie.
865 3120 911 3202 ld
944 3146 1034 3202 vero
1063 3123 1434 3206 animadvertendum
1465 3125 1531 3228 est,
1560 3123 1664 3235 qudd
1694 3157 1784 3214 cum

241 3258 312 3340 alia
342 3256 385 3338 tit
402 3254 558 3354 temere,
577 3249 758 3351 celeriter,
780 3247 918 3332 acriter
947 3250 1191 3361 concipiendi,
1217 3251 1288 3334 alia
1305 3251 1483 3363 religioid,
1516 3255 1627 3358 caste,
1654 3257 1783 3350 severe

237 3384 424 3491 judicandi
473 3377 637 3479 facultas,
686 3375 891 3485 reperiatur
918 3372 1062 3487 semper
1090 3373 1170 3458 ferd
1214 3377 1278 3460 illa
1318 3378 1358 3458 in
1388 3377 1518 3488 vulgo,
1568 3383 1784 3491 (praesertim

242 3513 308 3594 ubi
332 3513 378 3595 ad
397 3534 642 3594 communem
667 3502 849 3588 inscitiam
876 3522 914 3588 et
940 3505 1129 3588 levitatem
1154 3507 1292 3589 accedit
1321 3507 1561 3618 popularium
1587 3511 1783 3596 civitatum

240 3642 389 3751 propria
420 3637 592 3746 jactantia
622 3651 660 3716 et
696 3632 828 3742 fastus)
874 3633 955 3716 haec
982 3662 1195 3745 nunquam*
1215 3634 1295 3717 ferd
1327 3635 1396 3714 nili
1429 3637 1469 3716 in
1504 3637 1675 3744 gravibus
1693 3668 1781 3723 eru·

241 3770 399 3876 ditisque
452 3767 553 3866 viris,
619 3788 806 3872 quorum·
837 3761 993 3856 solidam
1035 3782 1150 3871 atque
1190 3762 1374 3844 austeram
1430 3762 1642 3873 sapientiam
1681 3770 1781 3878 opti-

242 3921 391 3976 rnarum
421 3891 692 3999 disciplinarum
730 3887 942 3968 exercitatio
979 3889 1189 3973 maturavit.
1266 3959 1269 3969 .

299 4027 559 4131 Saepenumero
594 4018 720 4124 itaque
742 4015 804 4124 (ut
822 4015 861 4094 id
878 4014 1124 4098 obiter’liceat
1142 4017 1285 4126 notare)
1306 4017 1487 4128 reputanti
1506 4018 1602 4100 mibi
1623 4039 1661 4103 et
1677 4051 1782 4133 quae.

242 4154 350 4250 renti,
365 4149 459 4258 quid
476 4145 576 4247 effet,
595 4173 660 4250 cur
678 4145 717 4226 in
736 4143 999 4256 rebuspublicis
1015 4145 1253 4256 popularibus
1274 4146 1398 4256 plures
1409 4168 1568 4232 oratores
1590 4153 1710 4262 qualm
1733 4159 1784 4238 'in

241 4279 446 4360 civitatibus
471 4302 605 4384 regum
635 4275 792 4385 imperio
807 4275 1008 4383 procuratis
1026 4275 1238 4376 extitiffent,
1266 4275 1304 4357 id
1323 4277 1444 4358 visum
1463 4279 1543 4374 est;
1574 4285 1780 4370 Oratorem

241 4405 459 4518 eloquentiae
496 4402 675 4502 colorem,
712 4400 898 4505 habitum,
935 4405 1081 4512 gestum
1109 4406 1296 4515 procreari
1321 4425 1358 4484 et
1386 4405 1477 4514 fingi
1498 4408 1546 4488 ad
1566 4411 1781 4498 auditorum

241 4535 488 4644 prudentiam.
545 4529 626 4612 Ubi
655 4529 763 4610 enim·
786 4556 878 4613 cum
902 4531 1145 4614 multitudine
1172 4532 1359 4642 agendum
1382 4532 1449 4634 est,
1476 4535 1668 4626 affectibus
1700 4546 1779 4626 vim

240 4663 384 4762 afferre,
415 4657 624 4772 percellere,
661 4659 891 4757 conturbare,
930 4659 1142 4770 impellere,
1171 4660 1375 4770 expeditior
1431 4661 1539 4744 fimul
1569 4684 1608 4745 et
1636 4667 1778 4752 felicior

241 4793 342 4872 labor
360 4791 426 4889 est,
455 4791 574 4900 quim
606 4789 771 4896 legitimi
789 4788 1033 4899 castigatdque
1051 4791 1372 4899 argumentatione
1385 4791 1433 4871 ad
1451 4795 1684 4876 audientium
1719 4829 1779 4882 ra-

241 4925 383 5034 tionem
402 4920 531 5003 sensum
549 4940 587 5001 et
607 4917 736 5002 leniter
753 4917 937 5006 accedere.
952 4919 1059 5003 Hinc
1075 4947 1191 5033 genus
1206 4919 1297 5004 illud
1309 4921 1452 5004 dicendi
1465 4923 1584 5034 (quod
1602 4925 1779 5036 eloquen-

1720 5061 1779 5144 tiae
1823 5151 1825 5156 ,
