4288 5584
1060 192 1329 354 (6)ι

439 493 560 588 enim
584 487 641 586 ad
664 483 760 586 hee
781 484 1008 588 exclamat
1029 489 1220 621 Suada)
1248 505 1264 557 ‘
1287 491 1485 594 hominis
1509 498 1951 636 interpretationem.

439 721 453 768 ‘
489 741 541 804 ac
552 737 666 839 pene
698 701 907 823 dixerim,
943 705 1062 800 inter
1078 739 1136 802 ea·
1154 705 1361 841 prodigia
1384 713 1732 816 recensendam!
1770 715 1944 826 adeone
2101 851 2102 854 Ν

438 921 630 1050 ‘impie
663 915 908 1050 quisquam
955 917 1164 1015 indoctus
1205 915 1277 1039 fit,
1314 945 1382 1040 ut,
1422 957 1532 1022 curn
1572 921 1774 1030 seculum
1809 936 1941 1039 suurn

291 1169 298 1178 ·
437 1141 451 1189 ‘
486 1129 702 1226 vitiorum
718 1121 1037 1227 ferocissimum
1057 1071 1264 1248 fateatur,
1288 1127 1550 1262 indignetur
1572 1128 1884 1255 nihilomiuus,
1900 1093 1973 1240 n(
2097 1065 2101 1082 ·

433 1354 449 1403 ‘
484 1337 729 1472 suppliciis,
769 1335 858 1434 hoc
880 1333 960 1457 est,
998 1362 1288 1472 peecatorum
1311 1341 1453 1474 poenis
1471 1339 1584 1440 illud
1607 1340 1807 1443 afflidlari
1835 1346 1949 1451 serr—-

432 1570 446 1618 ‘
481 1556 576 1672 dat,
601 1550 793 1684 deosque
816 1551 1034 1654 scelerum
1049 1503 1216 1654 ultores
1240 1557 1421 1657 invidiae
1440 1558 1766 1662 inhumanum
1788 1599 1944 1697 genus.

429 1784 444 1832 ‘
478 1789 557 1864 aut
581 1742 855 1868 crudelitatis
877 1765 1055 1866 accuset
1072 1763 1127 1859 ’.θ’
1199 1765 1383 1866 Auditis
1406 1769 1590 1868 alterius
1614 1775 1819 1874 crimenr
1845 1810 1940 1876 au·-

424 1977 527 2079 ditis
560 1980 741 2077 alterius
777 1927 1139 2076 contumeliam:
1177 1976 1292 2076 illud
1329 1981 1535 2112 quidem,
1564 1981 1598 2082 sr
1632 1983 1749 2085 dilui
1782 1993 1935 2090 minus

420 2189 562 2324 posset
584 2209 629 2283 et
651 2181 809 2299 refelli,
835 2207 883 2278 at
905 2180 1174 2278 elevandum
1194 2182 1351 2282 saltem
1371 2209 1506 2320 atque
1523 2193 1677 2321 patriae
1694 2195 1929 2296 vicensin-

421 2392 628 2522 dignanti
650 2387 882 2504 Historieo
899 2389 1247 2522 quodammodo
1258 2391 1619 2498 concedendum.
1629 2435 1655 2516 3.
1667 2395 1784 2496 hanc
1802 2433 1936 2519 vero,

417 2602 585 2702 distans
606 2599 663 2696 ab
686 2597 895 2715 homine,
914 2623 1072 2694 cetera
1088 2599 1224 2697 douo
1247 2599 1533 2736 candidoque
1556 2639 1710 2704 rerum
1728 2609 1923 2730 oensore,

413 2818 667 2916 liberalium
704 2853 813 2912 curn
836 2801 1002 2912 artium
1025 2813 1182 2914 studiis
1206 2839 1309 2914 tum
1339 2817 1641 2920 multaetiarn
1663 2821 1933 2926 urbanitate.
2101 2844 2103 2861 ”

412 3033 588 3151 limato,
613 3055 798 3127 tanturn
822 3029 879 3126 ab
897 3029 1031 3128 laude
1071 3029 1218 3128 abeffe
1258 3029 1492 3162 putabitis,
1516 3057 1739 3165 quantum
1755 3033 1878 3134 abest
1894 3069 1938 3140 a.

409 3245 688 3341 liberalitate.

477 3451 637 3583 Qrid?
671 3449 853 3584 quodsi
894 3452 1062 3546 Tacito
1088 3445 1225 3546 liceat
1250 3453 1473 3548 Taciturn
1507 3449 1745 3584 explicare,
1783 3475 1926 3584 atque

404 3663 479 3764 sua
511 3662 645 3798 ipfius
677 3662 797 3767 sensa
820 3661 1005 3796 perinde
1026 3661 1140 3760 bene
1161 3699 1304 3806 quam
1326 3665 1485 3762 Strada
1509 3665 1762 3800 intelligere
1774 3706 1790 3786 ;
1828 3705 1926 3764 nec

400 3879 652 3982 insanientis
692 3879 919 4014 sapientiae
959 3878 1237 3997 consultum,
1275 3915 1358 3976 nec
1406 3879 1517 3978 sanae
1550 3878 1791 3978 derisorem
1825 3879 1928 3978 effe

398 4086 629 4187 constabit.
700 4090 771 4182 Sic
793 4087 917 4182 enim
941 4082 1101 4180 statuo.
1173 4085 1268 4214 Qu
1302 4086 1512 4180 animum
1540 4081 1600 4180 ad
1628 4080 1933 4182 scribendum

396 4305 648 4439 appellunt,
684 4328 755 4424 ut,
793 4301 900 4400 botri
920 4299 1087 4400 scilicet
1110 4301 1191 4396 viri
1216 4321 1267 4396 et
1304 4298 1468 4400 sortem
1498 4294 1751 4394 humanam
1773 4289 1933 4391 mise-

394 4504 496 4616 rati,
532 4500 660 4630 quod
693 4533 839 4598 unum
866 4497 913 4592 in
937 4497 1027 4591 vita
1050 4491 1120 4591 vel
1156 4494 1287 4625 pretii
1307 4490 1561 4631 quidquam
1585 4487 1656 4586 vel
1677 4495 1935 4590 momenti

390 4713 567 4838 habeat,
605 4711 662 4810 ds
685 4715 775 4810 vita
797 4709 973 4828 tollant,
1011 4741 1170 4804 verum
1195 4711 1308 4806 DEI
1333 4713 1394 4806 O.
1420 4711 1488 4806 M.
1533 4699 1713 4810 cultum
1748 4725 1796 4799 et
1822 4699 1941 4808 ho-

983 4936 997 5006 .⁸
1023 4924 1134 4999 Strad.
1154 4923 1240 5000 ibid.

1704 5111 1893 5184 norem
1915 5123 1936 5204 3
