4288 5584
983 351 1142 487 (a)

301 536 506 654 ponnefiaci
519 531 906 649 strepituenutritam3
921 525 1338 616 inrefertissrmitheatri
1352 521 1601 640 amplitudine
1619 521 1853 637 spatiantem,
1941 601 1949 624 ,

303 668 535 750 eruditarum
561 665 714 749 aurium
750 661 921 774 religioni
945 661 1190 759 servientem3
1220 657 1376 742 incitate
1400 673 1440 739 et
1468 654 1643 738 vibrantis
1668 655 1851 767 eloquen·

302 795 363 882 tia
391 791 566 880 acumine
582 787 799 874 instructam
814 829 828 888 3
855 787 1060 870 liberomm
1077 784 1240 871 demum
1257 785 1413 887 civium,
1440 782 1666 893 quibuscum
1683 799 1769 865 nata
1785 782 1855 879 eli,

305 921 530 1034 quibuscum
544 919 679 1032 viguit,
706 918 932 1030 quibuscum
949 919 1111 1030 peritura
1128 919 1196 1019 est,
1226 914 1403 998 fiduciam
1422 912 1552 1023 spirare
1564 913 1851 1024 aggredientem.

287 1049 352 1130 ‘ld
373 1049 526 1148 constat,
554 1047 595 1127 io
621 1043 768 1127 civitate
793 1043 964 1154 populari
976 1042 1128 1126 domm
1147 1042 1264 1142 illam,
1293 1059 1407 1151 atque
1425 1039 1597 1120 mamm
1627 1038 1733 1122 fuiffe
1745 1076 1759 1134 3
1786 1063 1857 1120 noc

308 1195 389 1258 tam
408 1201 456 1255 ex
474 1175 674 1254 Poetarum
693 1169 933 1270 umbraculis,
962 1168 1081 1279 quam
1099 1192 1149 1251 ea
1169 1167 1413 1252 Politicorum
1440 1164 1645 1248 hominum
1663 1165 1784 1274 spatiis
1813 1165 1857 1248 iu

308 1303 438 1406 solem,
465 1319 579 1410 atque
614 1296 807 1409 pulverem
843 1297 1059 1409 proceffiffe.
1114 1297 1319 1378 Enimvero
1347 1295 1422 1377 hoc
1439 1321 1609 1396 munere,
1636 1319 1723 1399 quae
1738 1295 1856 1376 Vetus

310 1428 489 1542 appellata
501 1429 568 1528 est,
584 1424 781 1510 eomodia
798 1423 909 1536 fungi
926 1426 1087 1528 videtur,
1117 1443 1251 1505 utnon
1269 1421 1432 1506 accincta
1449 1423 1569 1533 gelida
1584 1433 1623 1507 et
1635 1423 1858 1506 subobscuri

312 1557 464 1658 invidis,
492 1553 553 1635 sed
584 1542 827 1636 maledicendi
873 1553 1012 1664 apertd,
1059 1570 1099 1634 et
1136 1551 1359 1662 precipitati
1384 1551 1561 1648 libidine3
1589 1579 1666 1634 nou
1683 1553 1746 1636 usa
1764 1554 1861 1636 fictis

313 1705 426 1800 atque
462 1683 689 1767 adumbratis
713 1680 949 1790 imaginibus,
977 1678 1039 1762 sed
1073 1683 1175 1761 certd
1192 1679 1442 1788 designatione
1457 1706 1597 1781 rerum,
1626 1700 1858 1792 temporum,

313 1819 553 1932 personarum
564 1855 578 1915 3
607 1842 685 1896 non
718 1811 868 1896 tantiam
897 1812 1128 1921 privatomm
1164 1811 1349 1912 tenuitati,
1394 1829 1507 1923 atque
1537 1812 1754 1916 humilitati,
1797 1814 1860 1896 sed

314 1945 427 2025 etiam
458 1941 669 2053 principum
702 1939 867 2020 viromm
903 1938 1080 2048 majestati
1125 1938 1354 2036 obtrectans3
1383 1965 1459 2020 non
1489 1937 1614 2022 sotum
1642 1939 1861 2053 quotidiana

317 2093 425 2185 atquc
442 2071 547 2153 exilis
564 2069 750 2180 nequitiae,
776 2066 965 2151 sedetiam
993 2097 1083 2152 rarae
1100 2086 1141 2152 et
1154 2067 1335 2152 lacertosae
1343 2066 1591 2178 improbitatis
1601 2069 1739 2154 vindex
1747 2110 1762 2170 3
1782 2097 1862 2156 uon

317 2203 492 2285 humana
509 2191 668 2283 audaciae
696 2199 856 2282 satietate
874 2201 1035 2312 expleta,
1063 2199 1125 2282 sod
1143 2201 1318 2282 Deorum
1337 2197 1496 2310 flagitiis,
1527 2219 1567 2282 et
1588 2202 1734 2313 stupris,
1762 2220 1801 2284 et
1817 2230 1862 2284 a·

188 2303 192 2318 ’
313 2303 483 2416 'dulseriis
510 2315 757 2433 formidanda,
787 2326 930 2438 legum,
958 2357 1124 2450 morum,
1144 2326 1376 2440 Reipublicae
1403 2353 1580 2440 maguam
1595 2329 1631 2412 se
1647 2357 1863 2443 propugna-

319 2459 452 2542 tricem
464 2456 591 2538 efferat
604 2473 717 2566 atque
732 2456 901 2540 ostentet.
1002 2545 1004 2552 χ

323 2593 330 2607 ’
378 2587 595 2692 Quinetiam
614 2587 786 2698 pecunias
804 2586 844 2668 in
861 2582 1251 2698 sumptuosabularum
1268 2587 1495 2698 agendarum
1508 2590 1692 2674 exarario
1711 2579 1864 2703 publico

320 2737 483 2828 erogatas
513 2715 617 2799 fuisse
628 2756 641 2815 3
664 2717 900 2832 praemiisque
931 2717 1134 2828 propositis,
1181 2747 1266 2829 quae
1296 2717 1525 2802 aemulorum
1553 2741 1750 2831 poetamm
1777 2722 1865 2806 dili·

322 2848 484 2958 gentiam
503 2833 687 2949 acuerent,
715 2845 908 2930 certamini
927 2847 1167 2955 Magistratus
1195 2846 1376 2957 praefuisse
1392 2849 1615 2962 accepimus.
1670 2849 1759 2932 Nec
1774 2877 1867 2962 pro·

326 2978 426 3060 ferto
452 2975 490 3058 id
522 2977 645 3059 visum
660 2975 714 3057 est
739 2964 1032 3076 Atheniensibus,
1071 2977 1112 3058 io
1142 2978 1248 3060 seond
1281 2978 1470 3088 quautam
1491 2979 1599 3063 fuisse
1630 2981 1867 3091 potiffimrim

195 3111 201 3122 '
325 3109 608 3193 oblectationem
639 3108 866 3216 elegantium
888 3111 1116 3212 animorum,
1145 3109 1296 3220 qualem
1315 3138 1365 3192 ex
1392 3110 1501 3220 ipfius
1520 3110 1742 3196 Imitationis
1770 3139 1868 3198 con·

325 3241 563 3350 templatione
582 3241 672 3322 cirm
693 3241 860 3343 Pidlura,
878 3239 964 3322 uim
984 3240 1131 3356 Portica
1149 3240 1353 3350 suppeditat
1364 3279 1377 3338 3
1400 3239 1464 3320 scd
1483 3268 1533 3322 ex
1554 3269 1606 3342 rc,
1626 3261 1741 3352 quam
1758 3253 1867 3354 poeta'

326 3356 509 3469 imitetur,
538 3367 759 3451 utilitatem:
789 3379 966 3450 Veterem
983 3368 1129 3477 prorsus
1149 3367 1389 3450 Comoediam
1407 3394 1562 3450 morum
1578 3368 1756 3452 civilium
1774 3369 1868 3452 stre-

327 3522 442 3578 nuam
454 3493 677 3602 ¹magistram
694 3494 874 3591 extitisse3
905 3493 1428 3606 philosophidjucundiorcm,
1453 3523 1537 3606 quae
1554 3498 1593 3576 in
1612 3499 1731 3598 nudis,
1754 3518 1868 3608 atquc

325 3621 477 3708 aaronis
510 3620 720 3726 veritatem,
747 3642 784 3706 et
811 3624 1035 3706 evidentiam
1067 3623 1349 3707 defiderantibus
1366 3617 1561 3736 praeceptis
1582 3625 1766 3724 versatut3
1805 3625 1869 3706 hi·

326 3753 446 3836 slorial.
463 3751 663 3856 utiliorem,
694 3781 779 3866 quae
811 3754 850 3836 in
884 3753 1107 3864 frigidorum
1133 3773 1171 3836 et
1196 3755 1482 3837 demortuorum
1505 3755 1766 3864 exemplomm
1783 3781 1869 3838 me·

325 3885 447 3966 moris
462 3904 691 3996 occupatur3
708 3885 870 3996 utrisque
881 3888 1078 4000 potiorem,
1090 3886 1193 3996 qubd
1213 3885 1270 3968 hae
1288 3885 1483 3994 injudicio,
1496 3904 1605 3996 atque
1616 3885 1868 3994 intelligentis,

325 4014 460 4126 quibus
503 4015 548 4095 ad
579 4018 765 4124 agendum
802 4017 938 4100 tardius
969 4035 1006 4098 et
1036 4017 1263 4098 summissus
1293 4015 1426 4096 deduci
1450 4015 1622 4115 solemus,
1683 4013 1869 4125 pracipud

327 4140 589 4252 sereponant3
614 4143 677 4224 illa
698 4143 910 4226 dominetur
944 4146 984 4226 in
1013 4144 1218 4246 affettibus,
1246 4145 1346 4225 unde
1372 4143 1420 4225 ad
1455 4144 1744 4253 aggrediendum¹
1760 4143 1871 4254 quic·

328 4297 447 4382 quam
468 4273 591 4354 omnis
620 4273 939 4356 vehementissima
965 4277 1143 4386 impulsio
1169 4276 1368 4362 derivatur.

384 4399 579 4480 Hadienus
611 4400 659 4482 de
678 4402 822 4483 Veteris
840 4393 1046 4485 Comoedia
1062 4402 1200 4511 origine
1217 4421 1255 4482 et
1273 4429 1405 4512 genere
1421 4433 1432 4484 a
1473 4403 1581 4486 liceat
1611 4401 1766 4514 praefari,
1794 4429 1873 4486 non

330 4525 447 4608 nollri
463 4527 625 4608 muneris
641 4529 725 4630 esse,
754 4529 1043 4641 Aristophanem
1069 4557 1276 4639 percurrere
1287 4570 1300 4628 3
1328 4558 1453 4640 neque
1479 4532 1519 4612 in
1541 4531 1642 4612 sama
1664 4551 1776 4641 atque
1801 4558 1872 4614 ex-

330 4653 551 4734 istimatione
571 4653 730 4755 Cleonis,
760 4656 960 4758 Lamaehi,
990 4656 1156 4756 Brasrdae3
1176 4686 1297 4769 neque
1316 4662 1434 4741 etiam·
1446 4657 1646 4740 Alcibiadis
1659 4679 1697 4742 et
1709 4659 1877 4760 Periclis,

330 4785 495 4866 nollram
514 4783 816 4894 disceptationem
837 4789 999 4886 versari3
1028 4817 1076 4869 nc
1095 4817 1143 4870 ex
1164 4791 1341 4898 pauculis,
1371 4821 1455 4902 quae
1472 4792 1520 4872 ad
1538 4789 1688 4898 hujusce
1704 4793 1774 4876 avi
1789 4791 1879 4872 lite·

330 4938 387 4997 ras
424 4911 625 5023 supersunt,
640 4912 802 5017 sabulis,
833 4915 1006 5000 universae
1021 4916 1148 5000 Priscu
1167 4919 1374 5002 Comoedia
1404 4920 1553 5002 laudem
1581 4919 1768 5022 aestimare,
1810 4937 1883 5004 aut

1811 5045 1885 5160 ipsr
