4372 5594
604 790 783 892 miseros
799 791 944 890 animi
963 795 1217 922 aegrotantis
1239 787 1462 888 tumultus
1489 789 1749 892 demulcere

603 931 784 1064 poterit,
809 953 887 1028 aut
903 928 1089 1028 dulcem
1105 926 1334 1028 elaborare
1353 928 1591 1060 soporem?
1618 935 1749 1032 Num

605 1102 684 1201 per
716 1066 919 1164 remedia
955 1066 1193 1184 Cardiam,
1229 1090 1310 1164 aut
1344 1066 1628 1198 Analeptica‚
1669 1093 1750 1168 aut

606 1231 880 1338 quocunque
913 1204 1049 1303 titulo
1084 1195 1295 1321 nobilia,
1319 1203 1487 1301 redibit
1523 1205 1591 1304 illi
1626 1211 1749 1306 vivus

606 1341 743 1458 color,
768 1377 941 1501 corpus
949 1342 1161 1459 solidum,
1184 1365 1231 1438 et
1248 1343 1368 1439 succi
1382 1343 1587 1472 plenum,
1610 1379 1751 1478 quem

606 1479 941 1610 exsanguem
920 1515 1020 1613 Jam
1064 1482 1302 1610 macieque
1344 1478 1625 1598 confectum,
1707 1504 1752 1582 et

608 1618 736 1750 quast
757 1619 950 1714 alterum
971 1616 1094 1750 apud
1118 1613 1289 1713 Inseros
1310 1617 1563 1747 Tityum,

843 1810 848 1818 ’
957 1867 1127 1890 --
1143 1822 1183 1901 in
1201 1849 1329 1904 amore
1342 1821 1531 1930 jacentem

719 1948 932 2032 Dilacerant
949 1950 1131 2052 volucres,
1151 1969 1263 2060 atque
1280 1951 1382 2032 exest
1400 1950 1533 2031 anxius
1549 1949 1678 2060 ang'or,
1746 1951 1751 1958 ’

720 2084 803 2158 Aut
820 2078 891 2158 alit
908 2079 1039 2186 qudvis
1058 2079 1227 2162 scindunt
1243 2079 1451 2191 cuppedine
1468 2107 1567 2162 curae
1584 2084 1598 2162 ἓ

610 2259 666 2351 ln
696 2251 816 2353 hisce
838 2254 1005 2355 morbis
1040 2257 1325 2391 propinanda
1359 2256 1548 2356 estnon
1572 2255 1750 2373 Galeni,

609 2390 687 2489 sed
714 2396 903 2490 Socratis
933 2396 1195 2515 medicina3
1231 2432 1327 2494 non
1362 2394 1441 2491 illa
1474 2397 1500 2494 ὲ
1531 2394 1753 2493 Pharma-

610 2531 878 2662 copolarum
900 2529 1107 2648 officiniS,
1140 2531 1215 2629 sed
1242 2535 1267 2631 ὲ
1289 2531 1447 2630 scholis
1472 2534 1754 2662 sapientium

610 2665 874 2767 haurienda.
925 2673 1090 2804 Neque
1112 2675 1238 2768 enim
1260 2695 1357 2769 tam
1379 2667 1468 2767 suit
1491 2671 1754 2769 Hominum

610 2839 765 2934 generi
751 2805 972 2924 insensa,
995 2832 1135 2942 atque
1158 2810 1346 2905 inimica
1369 2812 1559 2921 Natura,
1583 2829 1637 2905 ut
1651 2842 1756 2904 cor-

611 2943 795 3076 poribus
814 2967 882 3040 tot
903 2979 969 3041 res
987 2944 1210 3060 salutares,
1243 2945 1409 3039 animis
1431 2943 1644 3041 nullam
1631 2978 1756 3043 rnve-

612 3084 750 3177 nerit:
789 3085 890 3174 Nec
911 3078 1082 3178 temere
1104 3077 1382 3176 didumsuit
1396 3078 1514 3176 illud
1530 3083 1617 3176 Ciii
1634 3082 1755 3176 Senis

613 3213 972 3350 apophthegm,
1005 3239 1035 3288 “
1047 3217 1188 3371 ’plur
1167 3265 1209 3340 ις
1233 3218 1486 3364 φιλόσοφος
1515 3213 1710 3341 ἰσόθεος·υ

685 3390 906 3519 Quamvis
928 3389 1034 3488 verd
1057 3391 1200 3488 animi
1229 3387 1432 3516 affectus,
1466 3396 1594 3488 rectae
1620 3392 1756 3489 ratio-

615 3527 683 3622 nis
704 3521 842 3623 fraena
863 3523 1124 3646 recusantes,
1156 3553 1202 3627 et
1230 3527 1593 3627 inconfiderato
1580 3551 1755 3661 impetu

614 3663 751 3780 elati,
774 3698 868 3760 non
889 3658 998 3762 soris
1018 3665 1166 3766 solrlm
1194 3668 1430 3766 seditiones
1453 3668 1643 3802 pariant,
1678 3666 1755 3763 sed

612 3804 666 3900 in
684 3802 851 3900 viscera
871 3801 1022 3903 nostra
1042 3805 1239 3905 intestini
1257 3805 1617 3925 debacchentur,
1639 3831 1756 3904 errat

616 3938 870 4099 plurimum
904 3940 1049 4042 severa
1082 3947 1220 4046 nimis
1257 3979 1418 4042 eorum
1458 3941 1752 4077 philosophia,

616 4080 696 4211 qui
718 4114 791 4175 eos
813 4114 906 4178 non
929 4105 1025 4179 tam
1049 4084 1351 4181 moderandos
1372 4082 1474 4200 else,
1509 4117 1651 4213 quam
1675 4082 1762 4200 de,

615 4214 773 4316 leodos
798 4219 1113 4340 ¹contendunt3
1156 4256 1241 4318 nec
1272 4221 1545 4320 circumcidi
1578 4220 1755 4336 debere,

617 4353 693 4450 sed
725 4353 897 4454 extmhi
934 4355 1150 4491 stirpitus,
1189 4385 1235 4458 et
1257 4361 1373 4459 'toto
1397 4361 1578 4496 pedore
1612 4359 1756 4459 evelli.

1651 4502 1760 4594 Non
