4288 5584
1008 485 1026 608 l
1067 491 1182 600 Μ

326 661 389 775 gil
417 657 622 772 integritate
648 657 812 772 suscepti,
839 654 1046 754 incredibili
1074 653 1224 750 fortuna
1259 651 1363 780 gesti,
1393 669 1473 752 tam
1492 655 1663 776 nequiter
1679 649 1864 770 irridetur,

326 790 444 901 qu'am
461 789 624 898 ejusdem
643 787 682 870 iu
712 807 892 908 aeternum
911 786 1029 884 uottri-
1054 784 1214 882 nominis
1231 782 1387 878 dedomo.
1404 781 1593 882 conscilio
1623 789 1801 900 probatur
1826 813 1866 880 ct

329 901 521 1001 laudatura
557 919 603 1000 In
621 916 708 1017 hoc,
740 917 908 1027 inquam,
943 912 1116 1026 apologo,
1147 911 1308 994 venuste
1325 929 1363 1010 et
1377 911 1580 1024 perlucenti
1598 917 1754 1015 motioni
1770 947 1864 1012 ooo·

329 1043 534 1127 tumaciant
551 1062 588 1140 et
606 1043 854 1136 strenuitatem
873 1041 1019 1160 prorsus
1037 1038 1295 1168 ignoscendum
1313 1037 1385 1123 effe
1401 1041 1556 1133 arbitror
1571 1072 1583 1133 t
1616 1027 1756 1160 Ecquis
1775 1048 1866 1140 verb

330 1175 514 1256 bonarum
529 1169 693 1284 portium
711 1170 814 1266 istius
830 1167 1079 1280 patrocinium
1097 1165 1311 1288 suscepisset,
1345 1165 1373 1246 fi
1408 1167 1446 1248 in
1475 1170 1578 1264 scens
1602 1166 1695 1263 inter
1710 1196 1867 1268 aumer-

331 1303 593 1414 grestesutque
610 1301 831 1388 inhumanae
847 1301 998 1412 ingrate
1014 1299 1169 1396 civitatis
1200 1297 1295 1387 tdm-
1317 1298 1591 1426 imperatoriam
1623 1300 1802 1396 ermom
1832 1320 1872 1386 et

333 1429 559 1532 felicitatem,
587 1427 672 1526 tdm
700 1429 850 1511 civilem
867 1425 1130 1512 continentiam
1152 1443 1264 1537 atque
1277 1427 1488 1536 aequitatern
1504 1423 1871 1536 popuioderidenrlac

332 1561 551 1674 propin-ilict
567 1560 755 1642 diciorum
774 1576 811 1654 et
829 1557 1014 1658 fabiorum
1032 1558 1216 1668 impotens
1236 1556 1370 1656 invidia
1388 1561 1402 1638 l

389 1693 492 1774 Cum
510 1689 687 1799 probrum
706 1686 821 1768 audiri
834 1713 910 1768 non
920 1686 1061 1787 debeat,
1082 1685 1147 1766 nist
1165 1686 1210 1768 ed
1228 1684 1309 1794 lege
1327 1703 1371 1766 ut
1389 1684 1604 1796 respondere
1619 1686 1739 1788 liceat,
1754 1705 1791 1777 ct
1802 1689 1869 1795 ju-

333 1816 431 1900 dicio
447 1813 655 1915 defendere,
674 1804 887 1900 Atticarum
905 1811 1032 1920 legum
1052 1811 1211 1892 modum
1238 1828 1276 1891 et
1300 1811 1584 1920 temperantiam
1615 1838 1692 1914 non
1723 1812 1871 1922 possum

335 1969 411 2023 non
429 1939 625 2053 requirere,
644 1967 727 2048 quae
753 1939 935 2021 infinitam
954 1937 1182 2022 obtrectandi
1199 1936 1386 2020 licentiam
1405 1939 1535 2020 Veteri
1552 1940 1770 2044 Cornoediae,
1802 1941 1873 2022 reis

335 2069 728 2182 nullam‘respondendi
745 2069 957 2155 facultatem
975 2068 1237 2152 concesserunt.
1294 2066 1450 2166 Accedit
1468 2068 1570 2178 quod
1588 2069 1626 2150 in
1641 2071 1872 2168 contumeliis

336 2197 468 2298 nimia,
502 2196 540 2276 iu
558 2195 726 2278 laudibus
744 2195 859 2294 nulla,
890 2196 1063 2304 vituperii
1084 2193 1184 2305 fugae
1211 2195 1370 2305 semper,
1402 2196 1526 2305 gloriae
1547 2196 1737 2306 cupiditati
1772 2225 1870 2284 uun·

336 2353 452 2436 quam
470 2325 629 2410 inserviit
643 2325 766 2408 Prisca
780 2325 1000 2408 Comoedia:
1033 2353 1195 2438 quarum
1222 2343 1390 2436 utraque,
1423 2353 1654 2438 quamquam
1673 2354 1722 2408 ex
1739 2329 1874 2412 eodem

337 2459 442 2541 fonte
461 2459 647 2562 (amorem
664 2452 843 2564 intelligo,
877 2483 955 2564 quo
975 2457 1009 2536 se
1024 2456 1181 2564 quisque
1199 2455 1451 2567 amplectitur)
1477 2457 1659 2566 profluant
1689 2480 1799 2571 atque
1829 2487 1874 2568 e-

338 2598 504 2680 manent,
523 2577 632 2661 altera
644 2596 770 2660 tamen
786 2580 831 2660 ad
848 2580 1089 2678 coercendam
1105 2600 1214 2691 atque
1233 2581 1515 2690 opprimendam
1533 2583 1738 2690 nequitiam
1759 2585 1873 2694 potis·

339 2705 680 2794 fimrlminstrudia
700 2707 766 2807 est,
796 2706 910 2788 altera
935 2708 980 2787 ad
998 2709 1230 2788 excitandam
1249 2710 1439 2809 virtutem,
1470 2699 1584 2819 quam
1615 2712 1739 2820 primb
1758 2711 1872 2807 effuse

339 2839 539 2923 admiretur
571 2835 754 2950 popularis
779 2838 918 2939 civitae,
950 2863 1045 2917 mox
1068 2835 1256 2953 suspiciose
1278 2834 1519 2946 pertimescat,
1549 2837 1680 2926 deinde
1697 2839 1872 2922 invidio?

338 2998 363 3049 o
415 2984 539 3074 ugnet.

363 2995 464 3175 pberi
482 3091 721 3200 Magistratus
737 3117 784 3170 ne
801 3091 846 3170 ad
859 3092 1056 3171 Poetarum
1069 3092 1310 3186 contumelias
1329 3091 1577 3201 projiciantur,
1596 3094 1780 3203 deprecari
1800 3117 1876 3178 nott

340 3221 446 3304 ansus
478 3221 587 3302 sume
639 3217 817 3330 perfugiis
862 3243 937 3298 non
981 3236 1065 3299 ntor
1105 3219 1265 3329 amplius
1314 3220 1555 3329 quaestionum
1589 3241 1632 3302 et
1646 3221 1873 3328 judiciorum

339 3345 623 3430 incolumitatis:
663 3343 772 3424 venio
802 3343 849 3423 ud
875 3343 1079 3451 graviorem
1098 3345 1300 3452 querelam.
1358 3345 1477 3454 Atqui
1496 3345 1557 3425 hic
1576 3345 1712 3426 dubius
1736 3345 1869 3447 baeren,

276 3495 283 3506 ·
342 3477 459 3581 utrius
483 3472 646 3556 criminis
663 3474 837 3553 Veterem
857 3456 1096 3554 Cornoediam
1131 3475 1248 3582 magis
1284 3504 1450 3588 arguam,
1488 3475 1593 3583 qudd
1613 3477 1714 3558 Deos
1732 3465 1875 3586 ipsa'ir-

343 3605 470 3703 riserit,
501 3628 547 3680 an
566 3599 670 3710 qudd
688 3597 834 3678 cosdem
863 3599 1032 3680 irridendi
1057 3600 1241 3684 licentiam
1273 3603 1480 3712 gravitstmd
1499 3593 1753 3686 ulsciscendam
1772 3605 1873 3686 dux-

342 3737 423 3820 erit.
479 3731 549 3814 Illd
574 3731 622 3810 de
653 3747 754 3838 parte
780 3728 1032 3838 srrespondet‚
1065 3731 1260 3834 virtutum,
1280 3734 1419 3844 legum,
1439 3734 1662 3843 religionum
1681 3734 1871 3829 omnium.

342 3890 424 3972 quae
443 3857 584 3942 nefarii
603 3856 841 3967 oppugnavit,
860 3855 1101 3942 firndameuta
1117 3861 1417 3950 restituatzfltc
1444 3862 1490 3942 de
1508 3883 1607 3973 parte
1642 3861 1671 3944 st
1700 3861 1806 3969 malit
1839 3861 1878 3944 sc

343 3993 504 4094 defendi,
533 3990 657 4072 reddat
674 3988 810 4072 Socrati
827 3990 942 4071 vitam
961 4010 999 4073 et
1015 3990 1242 4100 sanguinem.
1298 3995 1503 4078 Enimverb
1532 4022 1580 4076 ex
1599 3980 1774 4076 Deorum
1805 4021 1875 4076 tta·

345 4125 428 4205 tund
445 4123 538 4231 puri
555 4143 665 4229 atque
687 4117 898 4227 incorrupti
921 4118 971 4219 ita
999 4123 1134 4228 pendet
1157 4120 1407 4216 humanarum
1432 4123 1613 4203 virtutum
1637 4140 1676 4203 et
1703 4123 1816 4232 origo,
1834 4141 1875 4202 et

345 4250 413 4350 vis,
431 4265 470 4328 et
489 4249 627 4346 sanitas,
654 4264 698 4326 ut
712 4244 864 4326 illorum
881 4246 1081 4328 funditores
1099 4275 1175 4330 non
1197 4251 1331 4358 poflint
1360 4247 1583 4354 labefastari,
1612 4250 1702 4361 quin
1721 4275 1877 4332 morum

346 4378 559 4461 nostrorum
581 4373 766 4484 disciplina
800 4374 929 4456 eadem
947 4375 1138 4458 intercidat
1168 4379 1285 4461 ruini.
1341 4379 1594 4461 Constantiam
1631 4376 1876 4462 nihilominus

346 4512 387 4591 in
405 4503 622 4588 Athenienti
648 4504 793 4585 civitate
826 4502 1017 4585 desiderari
1036 4533 1113 4589 non
1149 4505 1256 4594 sacili
1288 4509 1418 4618 patior,
1446 4511 1551 4618 qudd
1580 4510 1621 4592 in
1644 4507 1812 4620 perfecte
1837 4527 1879 4594 et

347 4631 598 4716 moratiffimae
611 4629 849 4742 philosophiae
867 4631 1127 4721 instauratione
1147 4635 1285 4719 Socrati
1298 4635 1483 4722 liberiores
1495 4637 1609 4750 paulb
1622 4636 1768 4722 uacuas
1783 4665 1883 4721 oon·

346 4765 483 4846 donare
500 4759 629 4842 erdem
647 4759 819 4860 noluerit,
834 4778 1028 4869 poetarum
1046 4764 1269 4872 procacitati,
1288 4766 1388 4874 quast
1400 4765 1567 4877 opimam
1583 4765 1745 4877 pendam
1756 4783 1793 4849 et
1809 4765 1880 4848 de·

346 4891 458 4995 liciae,
486 4891 644 4973 deorum
658 4884 848 4996 religiones
864 4889 994 4972 cadem
1011 4892 1210 5000 objecerit:
1238 4897 1421 5003 tanqudm
1439 4895 1578 4979 inastra
1593 4915 1707 5007 atque
1718 4897 1757 4978 in
1775 4915 1880 4980 tern-

348 5021 408 5136 pla
433 5020 577 5131 semper
593 5015 800 5100 vindicandi
825 5013 897 5098 fint
920 5018 999 5123 Dii,
1028 5019 1096 5102 nisr
1113 5045 1237 5131 quum
1272 5021 1446 5108 humanis
1472 5025 1723 5140 voluptatibus
1740 5025 1885 5108 lenoci-

1769 5157 1886 5239 nandi
